%YAML 1.1
%TAG !u! tag:unity3d.com,2011:
--- !u!29 &1
OcclusionCullingSettings:
  m_ObjectHideFlags: 0
  serializedVersion: 2
  m_OcclusionBakeSettings:
    smallestOccluder: 5
    smallestHole: 0.25
    backfaceThreshold: 100
  m_SceneGUID: 00000000000000000000000000000000
  m_OcclusionCullingData: {fileID: 0}
--- !u!104 &2
RenderSettings:
  m_ObjectHideFlags: 0
  serializedVersion: 9
  m_Fog: 0
  m_FogColor: {r: 0.62352943, g: 0.7254902, b: 0.8588236, a: 1}
  m_FogMode: 1
  m_FogDensity: 0.05
  m_LinearFogStart: 40
  m_LinearFogEnd: 500
  m_AmbientSkyColor: {r: 0.05660379, g: 0.05660379, b: 0.05660379, a: 1}
  m_AmbientEquatorColor: {r: 0.3254902, g: 0.32993057, b: 0.36862746, a: 1}
  m_AmbientGroundColor: {r: 0.047, g: 0.043, b: 0.035, a: 1}
  m_AmbientIntensity: 1
  m_AmbientMode: 3
  m_SubtractiveShadowColor: {r: 0.42, g: 0.478, b: 0.627, a: 1}
  m_SkyboxMaterial: {fileID: 0}
  m_HaloStrength: 0.5
  m_FlareStrength: 1
  m_FlareFadeSpeed: 3
  m_HaloTexture: {fileID: 0}
  m_SpotCookie: {fileID: 10001, guid: 0000000000000000e000000000000000, type: 0}
  m_DefaultReflectionMode: 0
  m_DefaultReflectionResolution: 128
  m_ReflectionBounces: 1
  m_ReflectionIntensity: 1
  m_CustomReflection: {fileID: 0}
  m_Sun: {fileID: 0}
  m_IndirectSpecularColor: {r: 0, g: 0, b: 0, a: 1}
  m_UseRadianceAmbientProbe: 0
--- !u!157 &3
LightmapSettings:
  m_ObjectHideFlags: 0
  serializedVersion: 12
  m_GIWorkflowMode: 1
  m_GISettings:
    serializedVersion: 2
    m_BounceScale: 1
    m_IndirectOutputScale: 1.68
    m_AlbedoBoost: 1.2
    m_EnvironmentLightingMode: 0
    m_EnableBakedLightmaps: 1
    m_EnableRealtimeLightmaps: 0
  m_LightmapEditorSettings:
    serializedVersion: 12
    m_Resolution: 2
    m_BakeResolution: 30
    m_AtlasSize: 4096
    m_AO: 0
    m_AOMaxDistance: 1
    m_CompAOExponent: 1
    m_CompAOExponentDirect: 0
    m_ExtractAmbientOcclusion: 0
    m_Padding: 2
    m_LightmapParameters: {fileID: 0}
    m_LightmapsBakeMode: 1
    m_TextureCompression: 1
    m_FinalGather: 0
    m_FinalGatherFiltering: 1
    m_FinalGatherRayCount: 256
    m_ReflectionCompression: 2
    m_MixedBakeMode: 2
    m_BakeBackend: 1
    m_PVRSampling: 1
    m_PVRDirectSampleCount: 16
    m_PVRSampleCount: 32
    m_PVRBounces: 1
    m_PVREnvironmentSampleCount: 64
    m_PVREnvironmentReferencePointCount: 2048
    m_PVRFilteringMode: 2
    m_PVRDenoiserTypeDirect: 2
    m_PVRDenoiserTypeIndirect: 2
    m_PVRDenoiserTypeAO: 0
    m_PVRFilterTypeDirect: 0
    m_PVRFilterTypeIndirect: 0
    m_PVRFilterTypeAO: 0
    m_PVREnvironmentMIS: 0
    m_PVRCulling: 1
    m_PVRFilteringGaussRadiusDirect: 1
    m_PVRFilteringGaussRadiusIndirect: 5
    m_PVRFilteringGaussRadiusAO: 2
    m_PVRFilteringAtrousPositionSigmaDirect: 0.5
    m_PVRFilteringAtrousPositionSigmaIndirect: 2
    m_PVRFilteringAtrousPositionSigmaAO: 1
    m_ExportTrainingData: 0
    m_TrainingDataDestination: TrainingData
    m_LightProbeSampleCountMultiplier: 4
  m_LightingDataAsset: {fileID: 112000000, guid: 4881dfc04d86c457f8b70faed016b459, type: 2}
  m_LightingSettings: {fileID: 4890085278179872738, guid: d478e8216fc184ee7a98dbcfb5803d88, type: 2}
--- !u!196 &4
NavMeshSettings:
  serializedVersion: 2
  m_ObjectHideFlags: 0
  m_BuildSettings:
    serializedVersion: 2
    agentTypeID: 0
    agentRadius: 0.3
    agentHeight: 2
    agentSlope: 45
    agentClimb: 0.4
    ledgeDropHeight: 0
    maxJumpAcrossDistance: 0
    minRegionArea: 2
    manualCellSize: 0
    cellSize: 0.1
    manualTileSize: 0
    tileSize: 256
    accuratePlacement: 0
    maxJobWorkers: 0
    preserveTilesOutsideBounds: 0
    debug:
      m_Flags: 0
  m_NavMeshData: {fileID: 0}
--- !u!1 &51887834
GameObject:
  m_ObjectHideFlags: 0
  m_CorrespondingSourceObject: {fileID: 0}
  m_PrefabInstance: {fileID: 0}
  m_PrefabAsset: {fileID: 0}
  serializedVersion: 6
  m_Component:
  - component: {fileID: 51887835}
  m_Layer: 0
  m_Name: statics (1)
  m_TagString: Untagged
  m_Icon: {fileID: 0}
  m_NavMeshLayer: 0
  m_StaticEditorFlags: 4294967295
  m_IsActive: 1
--- !u!4 &51887835
Transform:
  m_ObjectHideFlags: 0
  m_CorrespondingSourceObject: {fileID: 0}
  m_PrefabInstance: {fileID: 0}
  m_PrefabAsset: {fileID: 0}
  m_GameObject: {fileID: 51887834}
  m_LocalRotation: {x: 0.4999945, y: -0.4999945, z: -0.5000166, w: 0.4999945}
  m_LocalPosition: {x: 0, y: 0, z: 0}
  m_LocalScale: {x: 1, y: 1, z: 1}
  m_ConstrainProportionsScale: 0
  m_Children:
  - {fileID: 664210371}
  - {fileID: 307809586}
  - {fileID: 1786423055}
  - {fileID: 1175024932}
  m_Father: {fileID: 794239784380176476}
  m_RootOrder: 0
  m_LocalEulerAnglesHint: {x: 0, y: -90.00001, z: -90.00001}
--- !u!1 &237153502
GameObject:
  m_ObjectHideFlags: 0
  m_CorrespondingSourceObject: {fileID: 0}
  m_PrefabInstance: {fileID: 0}
  m_PrefabAsset: {fileID: 0}
  serializedVersion: 6
  m_Component:
  - component: {fileID: 237153504}
  - component: {fileID: 237153503}
  m_Layer: 0
  m_Name: PassthroughTrigger
  m_TagString: Untagged
  m_Icon: {fileID: 0}
  m_NavMeshLayer: 0
  m_StaticEditorFlags: 0
  m_IsActive: 1
--- !u!114 &237153503
MonoBehaviour:
  m_ObjectHideFlags: 0
  m_CorrespondingSourceObject: {fileID: 0}
  m_PrefabInstance: {fileID: 0}
  m_PrefabAsset: {fileID: 0}
  m_GameObject: {fileID: 237153502}
  m_Enabled: 1
  m_EditorHideFlags: 0
  m_Script: {fileID: 11500000, guid: c0005452475b248e4b7fe3aa44c43e75, type: 3}
  m_Name: 
  m_EditorClassIdentifier: 
  tagName: 
  passthroughPreset: {fileID: 0}
  duration: 1
--- !u!4 &237153504
Transform:
  m_ObjectHideFlags: 0
  m_CorrespondingSourceObject: {fileID: 0}
  m_PrefabInstance: {fileID: 0}
  m_PrefabAsset: {fileID: 0}
  m_GameObject: {fileID: 237153502}
  m_LocalRotation: {x: 0, y: 0, z: 0, w: 1}
  m_LocalPosition: {x: -3.840386, y: 2.6020894, z: -1.3666471}
  m_LocalScale: {x: 1, y: 1, z: 1}
  m_ConstrainProportionsScale: 0
  m_Children: []
  m_Father: {fileID: 0}
  m_RootOrder: 5
  m_LocalEulerAnglesHint: {x: 0, y: 0, z: 0}
--- !u!1 &307809585
GameObject:
  m_ObjectHideFlags: 0
  m_CorrespondingSourceObject: {fileID: 0}
  m_PrefabInstance: {fileID: 0}
  m_PrefabAsset: {fileID: 0}
  serializedVersion: 6
  m_Component:
  - component: {fileID: 307809586}
  - component: {fileID: 307809587}
  m_Layer: 0
  m_Name: Reflection Probe (1)
  m_TagString: Untagged
  m_Icon: {fileID: 0}
  m_NavMeshLayer: 0
  m_StaticEditorFlags: 0
  m_IsActive: 0
--- !u!4 &307809586
Transform:
  m_ObjectHideFlags: 0
  m_CorrespondingSourceObject: {fileID: 0}
  m_PrefabInstance: {fileID: 0}
  m_PrefabAsset: {fileID: 0}
  m_GameObject: {fileID: 307809585}
  m_LocalRotation: {x: -0, y: -0, z: -0, w: 1}
  m_LocalPosition: {x: 0, y: 2, z: 0}
  m_LocalScale: {x: 1, y: 1, z: 1}
  m_ConstrainProportionsScale: 0
  m_Children: []
  m_Father: {fileID: 51887835}
  m_RootOrder: 1
  m_LocalEulerAnglesHint: {x: 0, y: 0, z: 0}
--- !u!215 &307809587
ReflectionProbe:
  m_ObjectHideFlags: 0
  m_CorrespondingSourceObject: {fileID: 0}
  m_PrefabInstance: {fileID: 0}
  m_PrefabAsset: {fileID: 0}
  m_GameObject: {fileID: 307809585}
  m_Enabled: 1
  serializedVersion: 2
  m_Type: 0
  m_Mode: 0
  m_RefreshMode: 0
  m_TimeSlicingMode: 0
  m_Resolution: 128
  m_UpdateFrequency: 0
  m_BoxSize: {x: 50, y: 100, z: 50}
  m_BoxOffset: {x: 0, y: 0, z: 0}
  m_NearClip: 0.3
  m_FarClip: 1000
  m_ShadowDistance: 100
  m_ClearFlags: 1
  m_BackGroundColor: {r: 0.19215687, g: 0.3019608, b: 0.4745098, a: 0}
  m_CullingMask:
    serializedVersion: 2
    m_Bits: 4294967295
  m_IntensityMultiplier: 1
  m_BlendDistance: 1
  m_HDR: 1
  m_BoxProjection: 0
  m_RenderDynamicObjects: 0
  m_UseOcclusionCulling: 1
  m_Importance: 1
  m_CustomBakedTexture: {fileID: 0}
--- !u!1001 &486416717
PrefabInstance:
  m_ObjectHideFlags: 0
  serializedVersion: 2
  m_Modification:
    m_TransformParent: {fileID: 1716585647}
    m_Modifications:
    - target: {fileID: 248447823999277032, guid: 2249a5c1116df493ca155ab9ad65c63c, type: 3}
      propertyPath: m_RootOrder
      value: 1
      objectReference: {fileID: 0}
    - target: {fileID: 248447823999277032, guid: 2249a5c1116df493ca155ab9ad65c63c, type: 3}
      propertyPath: m_LocalPosition.x
      value: 0
      objectReference: {fileID: 0}
    - target: {fileID: 248447823999277032, guid: 2249a5c1116df493ca155ab9ad65c63c, type: 3}
      propertyPath: m_LocalPosition.y
      value: 0
      objectReference: {fileID: 0}
    - target: {fileID: 248447823999277032, guid: 2249a5c1116df493ca155ab9ad65c63c, type: 3}
      propertyPath: m_LocalPosition.z
      value: 0
      objectReference: {fileID: 0}
    - target: {fileID: 248447823999277032, guid: 2249a5c1116df493ca155ab9ad65c63c, type: 3}
      propertyPath: m_LocalRotation.w
      value: 1
      objectReference: {fileID: 0}
    - target: {fileID: 248447823999277032, guid: 2249a5c1116df493ca155ab9ad65c63c, type: 3}
      propertyPath: m_LocalRotation.x
      value: -0
      objectReference: {fileID: 0}
    - target: {fileID: 248447823999277032, guid: 2249a5c1116df493ca155ab9ad65c63c, type: 3}
      propertyPath: m_LocalRotation.y
      value: -0
      objectReference: {fileID: 0}
    - target: {fileID: 248447823999277032, guid: 2249a5c1116df493ca155ab9ad65c63c, type: 3}
      propertyPath: m_LocalRotation.z
      value: -0
      objectReference: {fileID: 0}
    - target: {fileID: 248447823999277032, guid: 2249a5c1116df493ca155ab9ad65c63c, type: 3}
      propertyPath: m_LocalEulerAnglesHint.x
      value: 0
      objectReference: {fileID: 0}
    - target: {fileID: 248447823999277032, guid: 2249a5c1116df493ca155ab9ad65c63c, type: 3}
      propertyPath: m_LocalEulerAnglesHint.y
      value: 0
      objectReference: {fileID: 0}
    - target: {fileID: 248447823999277032, guid: 2249a5c1116df493ca155ab9ad65c63c, type: 3}
      propertyPath: m_LocalEulerAnglesHint.z
      value: 0
      objectReference: {fileID: 0}
    - target: {fileID: 248447823999277046, guid: 2249a5c1116df493ca155ab9ad65c63c, type: 3}
      propertyPath: m_Name
      value: PauseUI
      objectReference: {fileID: 0}
    m_RemovedComponents: []
  m_SourcePrefab: {fileID: 100100000, guid: 2249a5c1116df493ca155ab9ad65c63c, type: 3}
--- !u!4 &486416718 stripped
Transform:
  m_CorrespondingSourceObject: {fileID: 248447823999277032, guid: 2249a5c1116df493ca155ab9ad65c63c, type: 3}
  m_PrefabInstance: {fileID: 486416717}
  m_PrefabAsset: {fileID: 0}
--- !u!1001 &664210370
PrefabInstance:
  m_ObjectHideFlags: 0
  serializedVersion: 2
  m_Modification:
    m_TransformParent: {fileID: 51887835}
    m_Modifications:
    - target: {fileID: 2419565170344491493, guid: 7a9f2361d29954dcf978e00fba8f383c, type: 3}
      propertyPath: m_Enabled
      value: 0
      objectReference: {fileID: 0}
    - target: {fileID: 3660941311934678237, guid: 7a9f2361d29954dcf978e00fba8f383c, type: 3}
      propertyPath: m_Enabled
      value: 0
      objectReference: {fileID: 0}
    - target: {fileID: 3890651236303658920, guid: 7a9f2361d29954dcf978e00fba8f383c, type: 3}
      propertyPath: m_Enabled
      value: 0
      objectReference: {fileID: 0}
    - target: {fileID: 3890651237183877703, guid: 7a9f2361d29954dcf978e00fba8f383c, type: 3}
      propertyPath: m_Enabled
      value: 0
      objectReference: {fileID: 0}
    - target: {fileID: 3890651237460420030, guid: 7a9f2361d29954dcf978e00fba8f383c, type: 3}
      propertyPath: m_Enabled
      value: 0
      objectReference: {fileID: 0}
    - target: {fileID: 3890651237938657598, guid: 7a9f2361d29954dcf978e00fba8f383c, type: 3}
      propertyPath: m_RootOrder
      value: 0
      objectReference: {fileID: 0}
    - target: {fileID: 3890651237938657598, guid: 7a9f2361d29954dcf978e00fba8f383c, type: 3}
      propertyPath: m_LocalPosition.x
      value: 0
      objectReference: {fileID: 0}
    - target: {fileID: 3890651237938657598, guid: 7a9f2361d29954dcf978e00fba8f383c, type: 3}
      propertyPath: m_LocalPosition.y
      value: 0
      objectReference: {fileID: 0}
    - target: {fileID: 3890651237938657598, guid: 7a9f2361d29954dcf978e00fba8f383c, type: 3}
      propertyPath: m_LocalPosition.z
      value: 0
      objectReference: {fileID: 0}
    - target: {fileID: 3890651237938657598, guid: 7a9f2361d29954dcf978e00fba8f383c, type: 3}
      propertyPath: m_LocalRotation.w
      value: 0.70710886
      objectReference: {fileID: 0}
    - target: {fileID: 3890651237938657598, guid: 7a9f2361d29954dcf978e00fba8f383c, type: 3}
      propertyPath: m_LocalRotation.x
      value: -0
      objectReference: {fileID: 0}
    - target: {fileID: 3890651237938657598, guid: 7a9f2361d29954dcf978e00fba8f383c, type: 3}
      propertyPath: m_LocalRotation.y
      value: -0.7071048
      objectReference: {fileID: 0}
    - target: {fileID: 3890651237938657598, guid: 7a9f2361d29954dcf978e00fba8f383c, type: 3}
      propertyPath: m_LocalRotation.z
      value: -0
      objectReference: {fileID: 0}
    - target: {fileID: 3890651237938657598, guid: 7a9f2361d29954dcf978e00fba8f383c, type: 3}
      propertyPath: m_LocalEulerAnglesHint.x
      value: 0
      objectReference: {fileID: 0}
    - target: {fileID: 3890651237938657598, guid: 7a9f2361d29954dcf978e00fba8f383c, type: 3}
      propertyPath: m_LocalEulerAnglesHint.y
      value: -90.00001
      objectReference: {fileID: 0}
    - target: {fileID: 3890651237938657598, guid: 7a9f2361d29954dcf978e00fba8f383c, type: 3}
      propertyPath: m_LocalEulerAnglesHint.z
      value: 0
      objectReference: {fileID: 0}
    - target: {fileID: 3890651237938657599, guid: 7a9f2361d29954dcf978e00fba8f383c, type: 3}
      propertyPath: m_Name
      value: IAS_Lobby
      objectReference: {fileID: 0}
    m_RemovedComponents: []
  m_SourcePrefab: {fileID: 100100000, guid: 7a9f2361d29954dcf978e00fba8f383c, type: 3}
--- !u!4 &664210371 stripped
Transform:
  m_CorrespondingSourceObject: {fileID: 3890651237938657598, guid: 7a9f2361d29954dcf978e00fba8f383c, type: 3}
  m_PrefabInstance: {fileID: 664210370}
  m_PrefabAsset: {fileID: 0}
--- !u!1 &664210372 stripped
GameObject:
  m_CorrespondingSourceObject: {fileID: 3890651237183877698, guid: 7a9f2361d29954dcf978e00fba8f383c, type: 3}
  m_PrefabInstance: {fileID: 664210370}
  m_PrefabAsset: {fileID: 0}
--- !u!114 &664210373
MonoBehaviour:
  m_ObjectHideFlags: 0
  m_CorrespondingSourceObject: {fileID: 0}
  m_PrefabInstance: {fileID: 0}
  m_PrefabAsset: {fileID: 0}
  m_GameObject: {fileID: 664210372}
  m_Enabled: 1
  m_EditorHideFlags: 0
  m_Script: {fileID: 11500000, guid: e829c87dc2a2ed2419c5f67848317fe4, type: 3}
  m_Name: 
  m_EditorClassIdentifier: 
  material: {fileID: 11400000, guid: ed65b244617a3154ba34ebdb722855a9, type: 2}
  exportAllChildren: 0
  terrainSimplificationLevel: 0
--- !u!1 &664210374 stripped
GameObject:
  m_CorrespondingSourceObject: {fileID: 3890651237460420024, guid: 7a9f2361d29954dcf978e00fba8f383c, type: 3}
  m_PrefabInstance: {fileID: 664210370}
  m_PrefabAsset: {fileID: 0}
--- !u!114 &664210375
MonoBehaviour:
  m_ObjectHideFlags: 0
  m_CorrespondingSourceObject: {fileID: 0}
  m_PrefabInstance: {fileID: 0}
  m_PrefabAsset: {fileID: 0}
  m_GameObject: {fileID: 664210374}
  m_Enabled: 1
  m_EditorHideFlags: 0
  m_Script: {fileID: 11500000, guid: e829c87dc2a2ed2419c5f67848317fe4, type: 3}
  m_Name: 
  m_EditorClassIdentifier: 
  material: {fileID: 11400000, guid: ed65b244617a3154ba34ebdb722855a9, type: 2}
  exportAllChildren: 0
  terrainSimplificationLevel: 0
--- !u!1 &748635351
GameObject:
  m_ObjectHideFlags: 0
  m_CorrespondingSourceObject: {fileID: 0}
  m_PrefabInstance: {fileID: 0}
  m_PrefabAsset: {fileID: 0}
  serializedVersion: 6
  m_Component:
  - component: {fileID: 748635352}
  - component: {fileID: 748635353}
  - component: {fileID: 748635354}
  - component: {fileID: 748635355}
  - component: {fileID: 748635356}
  - component: {fileID: 748635358}
  - component: {fileID: 748635357}
  - component: {fileID: 748635359}
  - component: {fileID: 748635361}
  - component: {fileID: 748635360}
  m_Layer: 0
  m_Name: GameManagers
  m_TagString: Untagged
  m_Icon: {fileID: 0}
  m_NavMeshLayer: 0
  m_StaticEditorFlags: 0
  m_IsActive: 1
--- !u!4 &748635352
Transform:
  m_ObjectHideFlags: 0
  m_CorrespondingSourceObject: {fileID: 0}
  m_PrefabInstance: {fileID: 0}
  m_PrefabAsset: {fileID: 0}
  m_GameObject: {fileID: 748635351}
  m_LocalRotation: {x: 0, y: 0, z: 0, w: 1}
  m_LocalPosition: {x: 1.4457743, y: 1.5402344, z: -0.6528124}
  m_LocalScale: {x: 1, y: 1, z: 1}
  m_ConstrainProportionsScale: 0
  m_Children:
  - {fileID: 5006512734993151898}
  m_Father: {fileID: 0}
  m_RootOrder: 0
  m_LocalEulerAnglesHint: {x: 0, y: 0, z: 0}
--- !u!114 &748635353
MonoBehaviour:
  m_ObjectHideFlags: 0
  m_CorrespondingSourceObject: {fileID: 0}
  m_PrefabInstance: {fileID: 0}
  m_PrefabAsset: {fileID: 0}
  m_GameObject: {fileID: 748635351}
  m_Enabled: 1
  m_EditorHideFlags: 0
  m_Script: {fileID: 11500000, guid: 7e933e81d3c20c74ea6fdc708a67e3a5, type: 3}
  m_Name: 
  m_EditorClassIdentifier: 
  useRecommendedMSAALevel: 1
  _monoscopic: 0
  minRenderScale: 0.7
  maxRenderScale: 1
  _headPoseRelativeOffsetRotation: {x: 0, y: 0, z: 0}
  _headPoseRelativeOffsetTranslation: {x: 0, y: 0, z: 0}
  profilerTcpPort: 32419
  expandMixedRealityCapturePropertySheet: 0
  enableMixedReality: 0
  compositionMethod: 0
  extraHiddenLayers:
    serializedVersion: 2
    m_Bits: 0
  extraVisibleLayers:
    serializedVersion: 2
    m_Bits: 0
  dynamicCullingMask: 1
  externalCompositionBackdropColorRift: {r: 0, g: 1, b: 0, a: 1}
  externalCompositionBackdropColorQuest: {r: 0, g: 0, b: 0, a: 0}
  capturingCameraDevice: 0
  flipCameraFrameHorizontally: 0
  flipCameraFrameVertically: 0
  handPoseStateLatency: 0
  sandwichCompositionRenderLatency: 0
  sandwichCompositionBufferedFrames: 8
  chromaKeyColor: {r: 0, g: 1, b: 0, a: 1}
  chromaKeySimilarity: 0.6
  chromaKeySmoothRange: 0.03
  chromaKeySpillRange: 0.06
  useDynamicLighting: 0
  depthQuality: 1
  dynamicLightingSmoothFactor: 8
  dynamicLightingDepthVariationClampingValue: 0.001
  virtualGreenScreenType: 0
  virtualGreenScreenTopY: 10
  virtualGreenScreenBottomY: -10
  virtualGreenScreenApplyDepthCulling: 0
  virtualGreenScreenDepthTolerance: 0.2
  mrcActivationMode: 0
  isInsightPassthroughEnabled: 1
  requestBodyTrackingPermissionOnStartup: 0
  requestFaceTrackingPermissionOnStartup: 0
  requestEyeTrackingPermissionOnStartup: 0
  _localDimming: 1
  _trackingOriginType: 1
  usePositionTracking: 1
  useRotationTracking: 1
  useIPDInPositionTracking: 1
  resetTrackerOnLoad: 0
  AllowRecenter: 1
  LateControllerUpdate: 1
  LateLatching: 0
--- !u!114 &748635354
MonoBehaviour:
  m_ObjectHideFlags: 0
  m_CorrespondingSourceObject: {fileID: 0}
  m_PrefabInstance: {fileID: 0}
  m_PrefabAsset: {fileID: 0}
  m_GameObject: {fileID: 748635351}
  m_Enabled: 1
  m_EditorHideFlags: 0
  m_Script: {fileID: 11500000, guid: 3c24028c5cf8a411e9a7548c34a3f161, type: 3}
  m_Name: 
  m_EditorClassIdentifier: 
  tiledMultiresLevel: 1
--- !u!114 &748635355
MonoBehaviour:
  m_ObjectHideFlags: 0
  m_CorrespondingSourceObject: {fileID: 0}
  m_PrefabInstance: {fileID: 0}
  m_PrefabAsset: {fileID: 0}
  m_GameObject: {fileID: 748635351}
  m_Enabled: 1
  m_EditorHideFlags: 0
  m_Script: {fileID: 11500000, guid: 9dc65ac86a09243cfa601325348c0fb9, type: 3}
  m_Name: 
  m_EditorClassIdentifier: 
  localVRPlayer: {fileID: 0}
  gameIsRunning: 0
  calculationTarget: {fileID: 0}
  arCameraCalibrationOffset: {x: 0, y: 0, z: -0.16}
  roomGuardianObject: {fileID: 1107115271}
--- !u!114 &748635356
MonoBehaviour:
  m_ObjectHideFlags: 0
  m_CorrespondingSourceObject: {fileID: 0}
  m_PrefabInstance: {fileID: 0}
  m_PrefabAsset: {fileID: 0}
  m_GameObject: {fileID: 748635351}
  m_Enabled: 1
  m_EditorHideFlags: 0
  m_Script: {fileID: 11500000, guid: e670e803c77c94be4981afa3ee6657dc, type: 3}
  m_Name: 
  m_EditorClassIdentifier: 
  possiblePlayerIndices: 00000000
--- !u!114 &748635357
MonoBehaviour:
  m_ObjectHideFlags: 0
  m_CorrespondingSourceObject: {fileID: 0}
  m_PrefabInstance: {fileID: 0}
  m_PrefabAsset: {fileID: 0}
  m_GameObject: {fileID: 748635351}
  m_Enabled: 1
  m_EditorHideFlags: 0
  m_Script: {fileID: 11500000, guid: 555725d48e9051a4bb6b8d45178c2fdd, type: 3}
  m_Name: 
  m_EditorClassIdentifier: 
  projectionSurfaceType: 0
  overlayType: 1
  compositionDepth: 0
  hidden: 0
  overridePerLayerColorScaleAndOffset: 0
  colorScale: {x: 1, y: 1, z: 1, w: 1}
  colorOffset: {x: 0, y: 0, z: 0, w: 0}
  colorMapEditorType_: 1
  colorMapEditorGradient:
    serializedVersion: 2
    key0: {r: 0, g: 0, b: 0, a: 1}
    key1: {r: 0.6179246, g: 1, b: 0.94737226, a: 1}
    key2: {r: 1, g: 1, b: 1, a: 1}
    key3: {r: 0, g: 0, b: 0, a: 1}
    key4: {r: 0, g: 0, b: 0, a: 1}
    key5: {r: 0, g: 0, b: 0, a: 0}
    key6: {r: 0, g: 0, b: 0, a: 0}
    key7: {r: 0, g: 0, b: 0, a: 0}
    ctime0: 0
    ctime1: 65535
    ctime2: 65535
    ctime3: 0
    ctime4: 0
    ctime5: 0
    ctime6: 0
    ctime7: 0
    atime0: 0
    atime1: 16962
    atime2: 35466
    atime3: 41056
    atime4: 65535
    atime5: 0
    atime6: 0
    atime7: 0
    m_Mode: 0
    m_NumColorKeys: 2
    m_NumAlphaKeys: 5
  colorMapEditorContrast: 0
  colorMapEditorBrightness: 0
  colorMapEditorPosterize: 0
  colorMapEditorSaturation: 0
  serializedSurfaceGeometry: []
  textureOpacity_: 1
  edgeRenderingEnabled_: 0
  edgeColor_: {r: 0.14848122, g: 0.12006053, b: 0.3584906, a: 1}
  colorMapType: 1
--- !u!114 &748635358
MonoBehaviour:
  m_ObjectHideFlags: 0
  m_CorrespondingSourceObject: {fileID: 0}
  m_PrefabInstance: {fileID: 0}
  m_PrefabAsset: {fileID: 0}
  m_GameObject: {fileID: 748635351}
  m_Enabled: 1
  m_EditorHideFlags: 0
  m_Script: {fileID: 11500000, guid: 7d62788dcc9ea074fa279a45302d60de, type: 3}
  m_Name: 
  m_EditorClassIdentifier: 
--- !u!114 &748635359
MonoBehaviour:
  m_ObjectHideFlags: 0
  m_CorrespondingSourceObject: {fileID: 0}
  m_PrefabInstance: {fileID: 0}
  m_PrefabAsset: {fileID: 0}
  m_GameObject: {fileID: 748635351}
  m_Enabled: 1
  m_EditorHideFlags: 0
  m_Script: {fileID: 11500000, guid: a820fbb9ae9ec4bc4a5c9de1948748a5, type: 3}
  m_Name: 
  m_EditorClassIdentifier: 
  passthrough: {fileID: 748635357}
  basePasstroughPreset: {fileID: 11400000, guid: 76c15f8ca40c6d54d97566295a6694a7, type: 2}
--- !u!114 &748635360
MonoBehaviour:
  m_ObjectHideFlags: 0
  m_CorrespondingSourceObject: {fileID: 0}
  m_PrefabInstance: {fileID: 0}
  m_PrefabAsset: {fileID: 0}
  m_GameObject: {fileID: 748635351}
  m_Enabled: 1
  m_EditorHideFlags: 0
  m_Script: {fileID: 11500000, guid: 8548f8adc30619f48b7adef042a27a02, type: 3}
  m_Name: 
  m_EditorClassIdentifier: 
  syncDirection: 0
  syncMode: 0
  syncInterval: 0
  eventRef:
    Guid:
      Data1: -1637881447
      Data2: 1325360407
      Data3: 1661412995
      Data4: -1667903363
    Path: event:/PlayerAudio
  masterFMODTime: 0
--- !u!114 &748635361
MonoBehaviour:
  m_ObjectHideFlags: 0
  m_CorrespondingSourceObject: {fileID: 0}
  m_PrefabInstance: {fileID: 0}
  m_PrefabAsset: {fileID: 0}
  m_GameObject: {fileID: 748635351}
  m_Enabled: 1
  m_EditorHideFlags: 0
  m_Script: {fileID: 11500000, guid: 9b91ecbcc199f4492b9a91e820070131, type: 3}
  m_Name: 
  m_EditorClassIdentifier: 
  sceneId: 919429108
  _assetId: 0
  serverOnly: 0
  visible: 0
  hasSpawned: 0
--- !u!1 &871967309
GameObject:
  m_ObjectHideFlags: 0
  m_CorrespondingSourceObject: {fileID: 0}
  m_PrefabInstance: {fileID: 0}
  m_PrefabAsset: {fileID: 0}
  serializedVersion: 6
  m_Component:
  - component: {fileID: 871967311}
  - component: {fileID: 871967310}
  m_Layer: 0
  m_Name: Steam Audio Static Mesh
  m_TagString: Untagged
  m_Icon: {fileID: 0}
  m_NavMeshLayer: 0
  m_StaticEditorFlags: 0
  m_IsActive: 1
--- !u!114 &871967310
MonoBehaviour:
  m_ObjectHideFlags: 0
  m_CorrespondingSourceObject: {fileID: 0}
  m_PrefabInstance: {fileID: 0}
  m_PrefabAsset: {fileID: 0}
  m_GameObject: {fileID: 871967309}
  m_Enabled: 1
  m_EditorHideFlags: 0
  m_Script: {fileID: 11500000, guid: 8173b2a8dbe2d2d48995bb2ba9a49ff1, type: 3}
  m_Name: 
  m_EditorClassIdentifier: 
  asset: {fileID: 11400000, guid: 3996644949349448faf43fc9f82a7eba, type: 2}
  sceneNameWhenExported: IAS-SoundScene
--- !u!4 &871967311
Transform:
  m_ObjectHideFlags: 0
  m_CorrespondingSourceObject: {fileID: 0}
  m_PrefabInstance: {fileID: 0}
  m_PrefabAsset: {fileID: 0}
  m_GameObject: {fileID: 871967309}
  m_LocalRotation: {x: 0, y: 0, z: 0, w: 1}
  m_LocalPosition: {x: 0, y: 0, z: 0}
  m_LocalScale: {x: 1, y: 1, z: 1}
  m_ConstrainProportionsScale: 0
  m_Children: []
  m_Father: {fileID: 0}
  m_RootOrder: 3
  m_LocalEulerAnglesHint: {x: 0, y: 0, z: 0}
--- !u!1001 &889170196
PrefabInstance:
  m_ObjectHideFlags: 0
  serializedVersion: 2
  m_Modification:
    m_TransformParent: {fileID: 0}
    m_Modifications:
    - target: {fileID: 1097855197262289452, guid: 950c11ef1f7d14daca7bfff70aa75675, type: 3}
      propertyPath: m_Name
      value: IAS_OptitrackNetworkingClient
      objectReference: {fileID: 0}
    - target: {fileID: 1097855197262289454, guid: 950c11ef1f7d14daca7bfff70aa75675, type: 3}
      propertyPath: sceneId
      value: 3855697899
      objectReference: {fileID: 0}
    - target: {fileID: 1097855197262289455, guid: 950c11ef1f7d14daca7bfff70aa75675, type: 3}
      propertyPath: m_RootOrder
      value: 1
      objectReference: {fileID: 0}
    - target: {fileID: 1097855197262289455, guid: 950c11ef1f7d14daca7bfff70aa75675, type: 3}
      propertyPath: m_LocalPosition.x
      value: 0
      objectReference: {fileID: 0}
    - target: {fileID: 1097855197262289455, guid: 950c11ef1f7d14daca7bfff70aa75675, type: 3}
      propertyPath: m_LocalPosition.y
      value: 0
      objectReference: {fileID: 0}
    - target: {fileID: 1097855197262289455, guid: 950c11ef1f7d14daca7bfff70aa75675, type: 3}
      propertyPath: m_LocalPosition.z
      value: 0
      objectReference: {fileID: 0}
    - target: {fileID: 1097855197262289455, guid: 950c11ef1f7d14daca7bfff70aa75675, type: 3}
      propertyPath: m_LocalRotation.w
      value: 1
      objectReference: {fileID: 0}
    - target: {fileID: 1097855197262289455, guid: 950c11ef1f7d14daca7bfff70aa75675, type: 3}
      propertyPath: m_LocalRotation.x
      value: 0
      objectReference: {fileID: 0}
    - target: {fileID: 1097855197262289455, guid: 950c11ef1f7d14daca7bfff70aa75675, type: 3}
      propertyPath: m_LocalRotation.y
      value: 0
      objectReference: {fileID: 0}
    - target: {fileID: 1097855197262289455, guid: 950c11ef1f7d14daca7bfff70aa75675, type: 3}
      propertyPath: m_LocalRotation.z
      value: 0
      objectReference: {fileID: 0}
    - target: {fileID: 1097855197262289455, guid: 950c11ef1f7d14daca7bfff70aa75675, type: 3}
      propertyPath: m_LocalEulerAnglesHint.x
      value: 0
      objectReference: {fileID: 0}
    - target: {fileID: 1097855197262289455, guid: 950c11ef1f7d14daca7bfff70aa75675, type: 3}
      propertyPath: m_LocalEulerAnglesHint.y
      value: 0
      objectReference: {fileID: 0}
    - target: {fileID: 1097855197262289455, guid: 950c11ef1f7d14daca7bfff70aa75675, type: 3}
      propertyPath: m_LocalEulerAnglesHint.z
      value: 0
      objectReference: {fileID: 0}
    m_RemovedComponents: []
  m_SourcePrefab: {fileID: 100100000, guid: 950c11ef1f7d14daca7bfff70aa75675, type: 3}
--- !u!1 &1107115271
GameObject:
  m_ObjectHideFlags: 0
  m_CorrespondingSourceObject: {fileID: 0}
  m_PrefabInstance: {fileID: 0}
  m_PrefabAsset: {fileID: 0}
  serializedVersion: 6
  m_Component:
  - component: {fileID: 1107115272}
  - component: {fileID: 1107115274}
  - component: {fileID: 1107115273}
  m_Layer: 0
  m_Name: GuardianWall
  m_TagString: Untagged
  m_Icon: {fileID: 0}
  m_NavMeshLayer: 0
  m_StaticEditorFlags: 0
  m_IsActive: 0
--- !u!4 &1107115272
Transform:
  m_ObjectHideFlags: 0
  m_CorrespondingSourceObject: {fileID: 0}
  m_PrefabInstance: {fileID: 0}
  m_PrefabAsset: {fileID: 0}
  m_GameObject: {fileID: 1107115271}
  m_LocalRotation: {x: 0.000000059604638, y: -0.000000014901159, z: 0.0000014752147, w: 1}
  m_LocalPosition: {x: 0, y: 0, z: 0}
  m_LocalScale: {x: 1, y: 1, z: 1}
  m_ConstrainProportionsScale: 0
  m_Children: []
  m_Father: {fileID: 794239784380176476}
  m_RootOrder: 1
  m_LocalEulerAnglesHint: {x: -90, y: 90, z: 0}
--- !u!23 &1107115273
MeshRenderer:
  m_ObjectHideFlags: 0
  m_CorrespondingSourceObject: {fileID: 0}
  m_PrefabInstance: {fileID: 0}
  m_PrefabAsset: {fileID: 0}
  m_GameObject: {fileID: 1107115271}
  m_Enabled: 1
  m_CastShadows: 0
  m_ReceiveShadows: 0
  m_DynamicOccludee: 1
  m_StaticShadowCaster: 0
  m_MotionVectors: 1
  m_LightProbeUsage: 1
  m_ReflectionProbeUsage: 1
  m_RayTracingMode: 2
  m_RayTraceProcedural: 0
  m_RenderingLayerMask: 1
  m_RendererPriority: 0
  m_Materials:
  - {fileID: 2100000, guid: 9e769312325d84774a6d224dc86b4cad, type: 2}
  m_StaticBatchInfo:
    firstSubMesh: 0
    subMeshCount: 0
  m_StaticBatchRoot: {fileID: 0}
  m_ProbeAnchor: {fileID: 0}
  m_LightProbeVolumeOverride: {fileID: 0}
  m_ScaleInLightmap: 1
  m_ReceiveGI: 1
  m_PreserveUVs: 0
  m_IgnoreNormalsForChartDetection: 0
  m_ImportantGI: 0
  m_StitchLightmapSeams: 1
  m_SelectedEditorRenderState: 3
  m_MinimumChartSize: 4
  m_AutoUVMaxDistance: 0.5
  m_AutoUVMaxAngle: 89
  m_LightmapParameters: {fileID: 0}
  m_SortingLayerID: 0
  m_SortingLayer: 0
  m_SortingOrder: 0
  m_AdditionalVertexStreams: {fileID: 0}
--- !u!33 &1107115274
MeshFilter:
  m_ObjectHideFlags: 0
  m_CorrespondingSourceObject: {fileID: 0}
  m_PrefabInstance: {fileID: 0}
  m_PrefabAsset: {fileID: 0}
  m_GameObject: {fileID: 1107115271}
  m_Mesh: {fileID: -7327518698890927491, guid: 59dd968a1ef944f338cf4990263c3933, type: 3}
--- !u!1 &1128069920
GameObject:
  m_ObjectHideFlags: 0
  m_CorrespondingSourceObject: {fileID: 0}
  m_PrefabInstance: {fileID: 0}
  m_PrefabAsset: {fileID: 0}
  serializedVersion: 6
  m_Component:
  - component: {fileID: 1128069922}
  - component: {fileID: 1128069921}
  m_Layer: 0
  m_Name: Directional Light
  m_TagString: Untagged
  m_Icon: {fileID: 0}
  m_NavMeshLayer: 0
  m_StaticEditorFlags: 0
  m_IsActive: 1
--- !u!108 &1128069921
Light:
  m_ObjectHideFlags: 0
  m_CorrespondingSourceObject: {fileID: 0}
  m_PrefabInstance: {fileID: 0}
  m_PrefabAsset: {fileID: 0}
  m_GameObject: {fileID: 1128069920}
  m_Enabled: 1
  serializedVersion: 10
  m_Type: 1
  m_Shape: 0
  m_Color: {r: 0.8867924, g: 0.7569706, b: 0.55633676, a: 1}
  m_Intensity: 1.2
  m_Range: 10
  m_SpotAngle: 30
  m_InnerSpotAngle: 21.80208
  m_CookieSize: 10
  m_Shadows:
    m_Type: 1
    m_Resolution: -1
    m_CustomResolution: -1
    m_Strength: 1
    m_Bias: 0.05
    m_NormalBias: 0.4
    m_NearPlane: 0.2
    m_CullingMatrixOverride:
      e00: 1
      e01: 0
      e02: 0
      e03: 0
      e10: 0
      e11: 1
      e12: 0
      e13: 0
      e20: 0
      e21: 0
      e22: 1
      e23: 0
      e30: 0
      e31: 0
      e32: 0
      e33: 1
    m_UseCullingMatrixOverride: 0
  m_Cookie: {fileID: 0}
  m_DrawHalo: 0
  m_Flare: {fileID: 0}
  m_RenderMode: 0
  m_CullingMask:
    serializedVersion: 2
    m_Bits: 4294967295
  m_RenderingLayerMask: 1
  m_Lightmapping: 2
  m_LightShadowCasterMode: 0
  m_AreaSize: {x: 1, y: 1}
  m_BounceIntensity: 1
  m_ColorTemperature: 6570
  m_UseColorTemperature: 0
  m_BoundingSphereOverride: {x: 0, y: 0, z: 0, w: 0}
  m_UseBoundingSphereOverride: 0
  m_UseViewFrustumForShadowCasterCull: 1
  m_ShadowRadius: 0
  m_ShadowAngle: 0
--- !u!4 &1128069922
Transform:
  m_ObjectHideFlags: 0
  m_CorrespondingSourceObject: {fileID: 0}
  m_PrefabInstance: {fileID: 0}
  m_PrefabAsset: {fileID: 0}
  m_GameObject: {fileID: 1128069920}
  m_LocalRotation: {x: 0.76506144, y: 0.5253351, z: 0.22326943, w: 0.29808533}
  m_LocalPosition: {x: -4.96, y: 2.03, z: 4.38}
  m_LocalScale: {x: 1, y: 1, z: 1}
  m_ConstrainProportionsScale: 0
  m_Children: []
  m_Father: {fileID: 1599377443}
  m_RootOrder: 0
  m_LocalEulerAnglesHint: {x: 12.799001, y: 137.817, z: 106.09501}
--- !u!1 &1175024931
GameObject:
  m_ObjectHideFlags: 0
  m_CorrespondingSourceObject: {fileID: 0}
  m_PrefabInstance: {fileID: 0}
  m_PrefabAsset: {fileID: 0}
  serializedVersion: 6
  m_Component:
  - component: {fileID: 1175024932}
  - component: {fileID: 1175024933}
  m_Layer: 0
  m_Name: PointLight
  m_TagString: Untagged
  m_Icon: {fileID: 0}
  m_NavMeshLayer: 0
  m_StaticEditorFlags: 0
  m_IsActive: 0
--- !u!4 &1175024932
Transform:
  m_ObjectHideFlags: 0
  m_CorrespondingSourceObject: {fileID: 0}
  m_PrefabInstance: {fileID: 0}
  m_PrefabAsset: {fileID: 0}
  m_GameObject: {fileID: 1175024931}
  m_LocalRotation: {x: 0.7071068, y: -0, z: -0, w: 0.7071068}
  m_LocalPosition: {x: 0, y: 7.29, z: 0}
  m_LocalScale: {x: 1, y: 1, z: 1}
  m_ConstrainProportionsScale: 0
  m_Children: []
  m_Father: {fileID: 51887835}
  m_RootOrder: 3
  m_LocalEulerAnglesHint: {x: 90, y: 0, z: 0}
--- !u!108 &1175024933
Light:
  m_ObjectHideFlags: 0
  m_CorrespondingSourceObject: {fileID: 0}
  m_PrefabInstance: {fileID: 0}
  m_PrefabAsset: {fileID: 0}
  m_GameObject: {fileID: 1175024931}
  m_Enabled: 1
  serializedVersion: 10
  m_Type: 2
  m_Shape: 0
  m_Color: {r: 0.9292453, g: 0.9953209, b: 1, a: 1}
  m_Intensity: 6
  m_Range: 13.086933
  m_SpotAngle: 97.4
  m_InnerSpotAngle: 21.802082
  m_CookieSize: 10
  m_Shadows:
    m_Type: 2
    m_Resolution: -1
    m_CustomResolution: -1
    m_Strength: 1
    m_Bias: 0.05
    m_NormalBias: 0.4
    m_NearPlane: 0.2
    m_CullingMatrixOverride:
      e00: 1
      e01: 0
      e02: 0
      e03: 0
      e10: 0
      e11: 1
      e12: 0
      e13: 0
      e20: 0
      e21: 0
      e22: 1
      e23: 0
      e30: 0
      e31: 0
      e32: 0
      e33: 1
    m_UseCullingMatrixOverride: 0
  m_Cookie: {fileID: 0}
  m_DrawHalo: 0
  m_Flare: {fileID: 0}
  m_RenderMode: 0
  m_CullingMask:
    serializedVersion: 2
    m_Bits: 4294967295
  m_RenderingLayerMask: 1
  m_Lightmapping: 2
  m_LightShadowCasterMode: 0
  m_AreaSize: {x: 1, y: 1}
  m_BounceIntensity: 1
  m_ColorTemperature: 6570
  m_UseColorTemperature: 0
  m_BoundingSphereOverride: {x: 0, y: 0, z: 0, w: 0}
  m_UseBoundingSphereOverride: 0
  m_UseViewFrustumForShadowCasterCull: 1
  m_ShadowRadius: 0
  m_ShadowAngle: 0
--- !u!1 &1525889614
GameObject:
  m_ObjectHideFlags: 0
  m_CorrespondingSourceObject: {fileID: 0}
  m_PrefabInstance: {fileID: 0}
  m_PrefabAsset: {fileID: 0}
  serializedVersion: 6
  m_Component:
  - component: {fileID: 1525889618}
  - component: {fileID: 1525889617}
  - component: {fileID: 1525889616}
  - component: {fileID: 1525889615}
  m_Layer: 0
  m_Name: courser
  m_TagString: Untagged
  m_Icon: {fileID: 0}
  m_NavMeshLayer: 0
  m_StaticEditorFlags: 0
  m_IsActive: 1
--- !u!114 &1525889615
MonoBehaviour:
  m_ObjectHideFlags: 0
  m_CorrespondingSourceObject: {fileID: 0}
  m_PrefabInstance: {fileID: 0}
  m_PrefabAsset: {fileID: 0}
  m_GameObject: {fileID: 1525889614}
  m_Enabled: 1
  m_EditorHideFlags: 0
  m_Script: {fileID: 11500000, guid: 40867ebae475a47de94a39bb9ee240f0, type: 3}
  m_Name: 
  m_EditorClassIdentifier: 
--- !u!23 &1525889616
MeshRenderer:
  m_ObjectHideFlags: 0
  m_CorrespondingSourceObject: {fileID: 0}
  m_PrefabInstance: {fileID: 0}
  m_PrefabAsset: {fileID: 0}
  m_GameObject: {fileID: 1525889614}
  m_Enabled: 1
  m_CastShadows: 1
  m_ReceiveShadows: 1
  m_DynamicOccludee: 1
  m_StaticShadowCaster: 0
  m_MotionVectors: 1
  m_LightProbeUsage: 1
  m_ReflectionProbeUsage: 1
  m_RayTracingMode: 2
  m_RayTraceProcedural: 0
  m_RenderingLayerMask: 1
  m_RendererPriority: 0
  m_Materials:
  - {fileID: 2100000, guid: acac6e31a260046afb5a4171bd285d41, type: 2}
  - {fileID: 2100000, guid: 61a8719d2afec4bc0b163c48cf2511b1, type: 2}
  - {fileID: 2100000, guid: 7d99a8ad44fec4db0b0eefac8ff4640d, type: 2}
  - {fileID: 2100000, guid: cdcc88661ff6643ba9a7cf4aa5868198, type: 2}
  m_StaticBatchInfo:
    firstSubMesh: 0
    subMeshCount: 0
  m_StaticBatchRoot: {fileID: 0}
  m_ProbeAnchor: {fileID: 0}
  m_LightProbeVolumeOverride: {fileID: 0}
  m_ScaleInLightmap: 1
  m_ReceiveGI: 1
  m_PreserveUVs: 0
  m_IgnoreNormalsForChartDetection: 0
  m_ImportantGI: 0
  m_StitchLightmapSeams: 1
  m_SelectedEditorRenderState: 3
  m_MinimumChartSize: 4
  m_AutoUVMaxDistance: 0.5
  m_AutoUVMaxAngle: 89
  m_LightmapParameters: {fileID: 0}
  m_SortingLayerID: 0
  m_SortingLayer: 0
  m_SortingOrder: 0
  m_AdditionalVertexStreams: {fileID: 0}
--- !u!33 &1525889617
MeshFilter:
  m_ObjectHideFlags: 0
  m_CorrespondingSourceObject: {fileID: 0}
  m_PrefabInstance: {fileID: 0}
  m_PrefabAsset: {fileID: 0}
  m_GameObject: {fileID: 1525889614}
  m_Mesh: {fileID: -483479698691233639, guid: 8d8b65d8718b0438e8cd52ce66534af4, type: 3}
--- !u!4 &1525889618
Transform:
  m_ObjectHideFlags: 0
  m_CorrespondingSourceObject: {fileID: 0}
  m_PrefabInstance: {fileID: 0}
  m_PrefabAsset: {fileID: 0}
  m_GameObject: {fileID: 1525889614}
  m_LocalRotation: {x: -0, y: -0, z: -0, w: 1}
  m_LocalPosition: {x: 0, y: 0, z: 0}
  m_LocalScale: {x: 0.5, y: 0.5, z: 0.5}
  m_ConstrainProportionsScale: 0
  m_Children: []
  m_Father: {fileID: 1716585647}
  m_RootOrder: 2
  m_LocalEulerAnglesHint: {x: 0, y: 0, z: 0}
--- !u!1 &1599377442
GameObject:
  m_ObjectHideFlags: 0
  m_CorrespondingSourceObject: {fileID: 0}
  m_PrefabInstance: {fileID: 0}
  m_PrefabAsset: {fileID: 0}
  serializedVersion: 6
  m_Component:
  - component: {fileID: 1599377443}
  m_Layer: 0
  m_Name: Lighning
  m_TagString: Untagged
  m_Icon: {fileID: 0}
  m_NavMeshLayer: 0
  m_StaticEditorFlags: 0
  m_IsActive: 1
--- !u!4 &1599377443
Transform:
  m_ObjectHideFlags: 0
  m_CorrespondingSourceObject: {fileID: 0}
  m_PrefabInstance: {fileID: 0}
  m_PrefabAsset: {fileID: 0}
  m_GameObject: {fileID: 1599377442}
  m_LocalRotation: {x: -0, y: -0, z: -0, w: 1}
  m_LocalPosition: {x: 0, y: 0, z: 0}
  m_LocalScale: {x: 1, y: 1, z: 1}
  m_ConstrainProportionsScale: 0
  m_Children:
  - {fileID: 1128069922}
  m_Father: {fileID: 1716585647}
  m_RootOrder: 0
  m_LocalEulerAnglesHint: {x: 0, y: 0, z: 0}
--- !u!1 &1716585646
GameObject:
  m_ObjectHideFlags: 0
  m_CorrespondingSourceObject: {fileID: 0}
  m_PrefabInstance: {fileID: 0}
  m_PrefabAsset: {fileID: 0}
  serializedVersion: 6
  m_Component:
  - component: {fileID: 1716585647}
  m_Layer: 0
  m_Name: Environment
  m_TagString: Untagged
  m_Icon: {fileID: 0}
  m_NavMeshLayer: 0
  m_StaticEditorFlags: 0
  m_IsActive: 1
--- !u!4 &1716585647
Transform:
  m_ObjectHideFlags: 0
  m_CorrespondingSourceObject: {fileID: 0}
  m_PrefabInstance: {fileID: 0}
  m_PrefabAsset: {fileID: 0}
  m_GameObject: {fileID: 1716585646}
  m_LocalRotation: {x: 0, y: 0, z: 0, w: 1}
  m_LocalPosition: {x: 0, y: 0, z: 0}
  m_LocalScale: {x: 1, y: 1, z: 1}
  m_ConstrainProportionsScale: 0
  m_Children:
  - {fileID: 1599377443}
  - {fileID: 486416718}
  - {fileID: 1525889618}
  - {fileID: 794239784380176476}
  m_Father: {fileID: 0}
  m_RootOrder: 2
  m_LocalEulerAnglesHint: {x: 0, y: 0, z: 0}
--- !u!1 &1776229183
GameObject:
  m_ObjectHideFlags: 0
  m_CorrespondingSourceObject: {fileID: 0}
  m_PrefabInstance: {fileID: 0}
  m_PrefabAsset: {fileID: 0}
  serializedVersion: 6
  m_Component:
  - component: {fileID: 1776229185}
  - component: {fileID: 1776229184}
  m_Layer: 0
  m_Name: SteamAudio Probes
  m_TagString: Untagged
  m_Icon: {fileID: 0}
  m_NavMeshLayer: 0
  m_StaticEditorFlags: 0
  m_IsActive: 1
--- !u!114 &1776229184
MonoBehaviour:
  m_ObjectHideFlags: 0
  m_CorrespondingSourceObject: {fileID: 0}
  m_PrefabInstance: {fileID: 0}
  m_PrefabAsset: {fileID: 0}
  m_GameObject: {fileID: 1776229183}
  m_Enabled: 1
  m_EditorHideFlags: 0
  m_Script: {fileID: 11500000, guid: 286962cac82a4fa4e9ec38ab663c9578, type: 3}
  m_Name: 
  m_EditorClassIdentifier: 
  placementStrategy: 1
  horizontalSpacing: 2.7
  heightAboveFloor: 1.5
  asset: {fileID: 11400000, guid: c769de6cead9c4aa9bd5cc68f7d27ffd, type: 2}
  probeDataSize: 26872
  mProbeSpheres:
  - center:
      x: -8.1
      y: 1.4965916
      z: -10.92
    radius: 2.7
  - center:
      x: -8.1
      y: 1.4970055
      z: -8.22
    radius: 2.7
  - center:
      x: -8.1
      y: 1.4974179
      z: -5.52
    radius: 2.7
  - center:
      x: -8.1
      y: 1.4978309
      z: -2.82
    radius: 2.7
  - center:
      x: -8.1
      y: 1.4982438
      z: -0.12
    radius: 2.7
  - center:
      x: -8.1
      y: 1.4986572
      z: 2.5799994
    radius: 2.7
  - center:
      x: -8.1
      y: 1.4990702
      z: 5.28
    radius: 2.7
  - center:
      x: -8.1
      y: 1.4994831
      z: 7.9799995
    radius: 2.7
  - center:
      x: -8.1
      y: 1.499896
      z: 10.68
    radius: 2.7
  - center:
      x: -5.4000006
      y: 1.4970899
      z: -10.92
    radius: 2.7
  - center:
      x: -5.4000006
      y: 1.4975028
      z: -8.22
    radius: 2.7
  - center:
      x: -5.4000006
      y: 1.4979162
      z: -5.52
    radius: 2.7
  - center:
      x: -5.4000006
      y: 1.4983282
      z: -2.82
    radius: 2.7
  - center:
      x: -5.4000006
      y: 1.4987416
      z: -0.12
    radius: 2.7
  - center:
      x: -5.4000006
      y: 1.4991546
      z: 2.5799994
    radius: 2.7
  - center:
      x: -5.4000006
      y: 1.4995675
      z: 5.28
    radius: 2.7
  - center:
      x: -5.4000006
      y: 1.4998727
      z: 7.9799995
    radius: 2.7
  - center:
      x: -5.4000006
      y: 1.4998636
      z: 10.68
    radius: 2.7
  - center:
      x: -2.7000003
      y: 1.4975877
      z: -10.92
    radius: 2.7
  - center:
      x: -2.7000003
      y: 1.4980011
      z: -8.22
    radius: 2.7
  - center:
      x: -2.7000003
      y: 1.498414
      z: -5.52
    radius: 2.7
  - center:
      x: -2.7000003
      y: 1.498827
      z: -2.82
    radius: 2.7
  - center:
      x: -2.7000003
      y: 1.4992399
      z: -0.12
    radius: 2.7
  - center:
      x: -2.7000003
      y: 1.4996533
      z: 2.5799994
    radius: 2.7
  - center:
      x: -2.7000003
      y: 1.4998107
      z: 5.28
    radius: 2.7
  - center:
      x: -2.7000003
      y: 1.4998021
      z: 7.9799995
    radius: 2.7
  - center:
      x: -2.7000003
      y: 1.4997935
      z: 10.68
    radius: 2.7
  - center:
      x: 0
      y: 1.498085
      z: -10.92
    radius: 2.7
  - center:
      x: 0
      y: 1.4984984
      z: -8.22
    radius: 2.7
  - center:
      x: 0
      y: 1.4989114
      z: -5.52
    radius: 2.7
  - center:
      x: 0
      y: 1.4993243
      z: -2.82
    radius: 2.7
  - center:
      x: 0
      y: 1.4997377
      z: -0.12
    radius: 2.7
  - center:
      x: 0
      y: 1.4997487
      z: 2.5799994
    radius: 2.7
  - center:
      x: 0
      y: 1.4997406
      z: 5.28
    radius: 2.7
  - center:
      x: 0
      y: 1.4997315
      z: 7.9799995
    radius: 2.7
  - center:
      x: 0
      y: 1.4997239
      z: 10.68
    radius: 2.7
  - center:
      x: 2.6999998
      y: 1.4985838
      z: -10.92
    radius: 2.7
  - center:
      x: 2.6999998
      y: 1.4989967
      z: -8.22
    radius: 2.7
  - center:
      x: 2.6999998
      y: 1.4994102
      z: -5.52
    radius: 2.7
  - center:
      x: 2.6999998
      y: 1.4996948
      z: -2.82
    radius: 2.7
  - center:
      x: 2.6999998
      y: 1.4996867
      z: -0.12
    radius: 2.7
  - center:
      x: 2.6999998
      y: 1.4996781
      z: 2.5799994
    radius: 2.7
  - center:
      x: 2.6999998
      y: 1.49967
      z: 5.28
    radius: 2.7
  - center:
      x: 2.6999998
      y: 1.4996619
      z: 7.9799995
    radius: 2.7
  - center:
      x: 2.6999998
      y: 1.4996533
      z: 10.68
    radius: 2.7
  - center:
      x: 5.3999996
      y: 1.4990811
      z: -10.92
    radius: 2.7
  - center:
      x: 5.3999996
      y: 1.4994946
      z: -8.22
    radius: 2.7
  - center:
      x: 5.3999996
      y: 1.4996324
      z: -5.52
    radius: 2.7
  - center:
      x: 5.3999996
      y: 1.4996252
      z: -2.82
    radius: 2.7
  - center:
      x: 5.3999996
      y: 1.4996166
      z: -0.12
    radius: 2.7
  - center:
      x: 5.3999996
      y: 1.4996076
      z: 2.5799994
    radius: 2.7
  - center:
      x: 5.3999996
      y: 1.4996004
      z: 5.28
    radius: 2.7
  - center:
      x: 5.3999996
      y: 1.4995918
      z: 7.9799995
    radius: 2.7
  - center:
      x: 5.3999996
      y: 1.4995828
      z: 10.68
    radius: 2.7
  - center:
      x: 8.1
      y: 1.4995794
      z: -10.92
    radius: 2.7
  - center:
      x: 8.1
      y: 1.4995708
      z: -8.22
    radius: 2.7
  - center:
      x: 8.1
      y: 1.4995627
      z: -5.52
    radius: 2.7
  - center:
      x: 8.1
      y: 1.4995546
      z: -2.82
    radius: 2.7
  - center:
      x: 8.1
      y: 1.499546
      z: -0.12
    radius: 2.7
  - center:
      x: 8.1
      y: 1.499538
      z: 2.5799994
    radius: 2.7
  - center:
      x: 8.1
      y: 1.4995298
      z: 5.28
    radius: 2.7
  - center:
      x: 8.1
      y: 1.4995213
      z: 7.9799995
    radius: 2.7
  - center:
      x: 8.1
      y: 1.4995131
      z: 10.68
    radius: 2.7
  mBakedDataLayerInfo:
  - gameObject: {fileID: 1776229183}
    identifier:
      type: 1
      variation: 3
      endpointInfluence:
        center:
          x: 0
          y: 0
          z: 0
        radius: 0
    dataSize: 25064
--- !u!4 &1776229185
Transform:
  m_ObjectHideFlags: 0
  m_CorrespondingSourceObject: {fileID: 0}
  m_PrefabInstance: {fileID: 0}
  m_PrefabAsset: {fileID: 0}
  m_GameObject: {fileID: 1776229183}
  m_LocalRotation: {x: 0, y: 0, z: 0, w: 1}
  m_LocalPosition: {x: 0, y: 2.69, z: 0.12}
  m_LocalScale: {x: 16.3, y: 6.05, z: 22.56}
  m_ConstrainProportionsScale: 0
  m_Children: []
  m_Father: {fileID: 0}
  m_RootOrder: 4
  m_LocalEulerAnglesHint: {x: 0, y: 0, z: 0}
--- !u!1 &1786423054
GameObject:
  m_ObjectHideFlags: 0
  m_CorrespondingSourceObject: {fileID: 0}
  m_PrefabInstance: {fileID: 0}
  m_PrefabAsset: {fileID: 0}
  serializedVersion: 6
  m_Component:
  - component: {fileID: 1786423055}
  - component: {fileID: 1786423056}
  m_Layer: 0
  m_Name: Light Probe Group
  m_TagString: Untagged
  m_Icon: {fileID: 0}
  m_NavMeshLayer: 0
  m_StaticEditorFlags: 0
  m_IsActive: 0
--- !u!4 &1786423055
Transform:
  m_ObjectHideFlags: 0
  m_CorrespondingSourceObject: {fileID: 0}
  m_PrefabInstance: {fileID: 0}
  m_PrefabAsset: {fileID: 0}
  m_GameObject: {fileID: 1786423054}
  m_LocalRotation: {x: -0, y: -0, z: -0, w: 1}
  m_LocalPosition: {x: -0, y: 1.74, z: 0}
  m_LocalScale: {x: 1, y: 1, z: 1}
  m_ConstrainProportionsScale: 0
  m_Children: []
  m_Father: {fileID: 51887835}
  m_RootOrder: 2
  m_LocalEulerAnglesHint: {x: 0, y: 0, z: 0}
--- !u!220 &1786423056
LightProbeGroup:
  m_ObjectHideFlags: 0
  m_CorrespondingSourceObject: {fileID: 0}
  m_PrefabInstance: {fileID: 0}
  m_PrefabAsset: {fileID: 0}
  m_GameObject: {fileID: 1786423054}
  m_Enabled: 1
  m_SourcePositions:
  - {x: -3.0593395, y: 5.9554453, z: 10.364153}
  - {x: -3.0593395, y: 5.9554453, z: 8.364151}
  - {x: -3.0593395, y: -1, z: 10.364153}
  - {x: -3.0593395, y: -1, z: 8.364151}
  - {x: -7.135136, y: 5.9554453, z: 10.364153}
  - {x: -7.135136, y: 5.9554453, z: 8.364151}
  - {x: -7.135136, y: -1, z: 10.364153}
  - {x: -7.135136, y: -1, z: 8.364151}
  - {x: 1, y: 5.9554453, z: 10.364153}
  - {x: 1, y: 5.9554453, z: 8.364151}
  - {x: 1, y: -1, z: 10.364153}
  - {x: 1, y: -1, z: 8.364151}
  - {x: -1, y: 5.9554453, z: 10.364153}
  - {x: -1, y: 5.9554453, z: 8.364151}
  - {x: -1, y: -1, z: 10.364153}
  - {x: -1, y: -1, z: 8.364151}
  - {x: 6.8583636, y: 5.9554453, z: 10.364153}
  - {x: 6.8583636, y: 5.9554453, z: 8.364151}
  - {x: 6.8583636, y: -1, z: 10.364153}
  - {x: 6.8583636, y: -1, z: 8.364151}
  - {x: 3.151598, y: 5.9554453, z: 10.364153}
  - {x: 3.151598, y: 5.9554453, z: 8.364151}
  - {x: 3.151598, y: -1, z: 10.364153}
  - {x: 3.151598, y: -1, z: 8.364151}
  - {x: -5.0593376, y: 5.9554453, z: 10.364153}
  - {x: -5.0593376, y: 5.9554453, z: 8.364151}
  - {x: -5.0593376, y: -1, z: 10.364153}
  - {x: -5.0593376, y: -1, z: 8.364151}
  - {x: 5.151596, y: 5.9554453, z: 10.364153}
  - {x: 5.151596, y: 5.9554453, z: 8.364151}
  - {x: 5.151596, y: -1, z: 10.364153}
  - {x: 5.151596, y: -1, z: 8.364151}
  - {x: -3.0593395, y: 5.9554453, z: -9.98073}
  - {x: -3.0593395, y: -1, z: -9.98073}
  - {x: -7.135136, y: 5.9554453, z: -9.98073}
  - {x: -7.135136, y: -1, z: -9.98073}
  - {x: 1, y: 5.9554453, z: -9.98073}
  - {x: 1, y: -1, z: -9.98073}
  - {x: -1, y: 5.9554453, z: -9.98073}
  - {x: -1, y: -1, z: -9.98073}
  - {x: 6.8583636, y: 5.9554453, z: -9.98073}
  - {x: 6.8583636, y: -1, z: -9.98073}
  - {x: 3.151598, y: 5.9554453, z: -9.98073}
  - {x: 3.151598, y: -1, z: -9.98073}
  - {x: -5.0593376, y: 5.9554453, z: -9.98073}
  - {x: -5.0593376, y: -1, z: -9.98073}
  - {x: 5.151596, y: 5.9554453, z: -9.98073}
  - {x: 5.151596, y: -1, z: -9.98073}
  - {x: -3.0593395, y: 5.9554453, z: 2.660642}
  - {x: -3.0593395, y: 5.9554453, z: 0.66064215}
  - {x: -3.0593395, y: -1, z: 2.660642}
  - {x: -3.0593395, y: -1, z: 0.66064215}
  - {x: -7.135136, y: 5.9554453, z: 2.660642}
  - {x: -7.135136, y: 5.9554453, z: 0.66064215}
  - {x: -7.135136, y: -1, z: 2.660642}
  - {x: -7.135136, y: -1, z: 0.66064215}
  - {x: 1, y: 5.9554453, z: 2.660642}
  - {x: 1, y: 5.9554453, z: 0.66064215}
  - {x: 1, y: -1, z: 2.660642}
  - {x: 1, y: -1, z: 0.66064215}
  - {x: -1, y: 5.9554453, z: 2.660642}
  - {x: -1, y: 5.9554453, z: 0.66064215}
  - {x: -1, y: -1, z: 2.660642}
  - {x: -1, y: -1, z: 0.66064215}
  - {x: 6.8583636, y: 5.9554453, z: 2.660642}
  - {x: 6.8583636, y: 5.9554453, z: 0.66064215}
  - {x: 6.8583636, y: -1, z: 2.660642}
  - {x: 6.8583636, y: -1, z: 0.66064215}
  - {x: 3.151598, y: 5.9554453, z: 2.660642}
  - {x: 3.151598, y: 5.9554453, z: 0.66064215}
  - {x: 3.151598, y: -1, z: 2.660642}
  - {x: 3.151598, y: -1, z: 0.66064215}
  - {x: -5.0593376, y: 5.9554453, z: 2.660642}
  - {x: -5.0593376, y: 5.9554453, z: 0.66064215}
  - {x: -5.0593376, y: -1, z: 2.660642}
  - {x: -5.0593376, y: -1, z: 0.66064215}
  - {x: 5.151596, y: 5.9554453, z: 2.660642}
  - {x: 5.151596, y: 5.9554453, z: 0.66064215}
  - {x: 5.151596, y: -1, z: 2.660642}
  - {x: 5.151596, y: -1, z: 0.66064215}
  - {x: -3.0593395, y: 5.9554453, z: 6.5815935}
  - {x: -3.0593395, y: 5.9554453, z: 4.5815916}
  - {x: -3.0593395, y: -1, z: 6.5815935}
  - {x: -3.0593395, y: -1, z: 4.5815916}
  - {x: -7.135136, y: 5.9554453, z: 6.5815935}
  - {x: -7.135136, y: 5.9554453, z: 4.5815916}
  - {x: -7.135136, y: -1, z: 6.5815935}
  - {x: -7.135136, y: -1, z: 4.5815916}
  - {x: 1, y: 5.9554453, z: 6.5815935}
  - {x: 1, y: 5.9554453, z: 4.5815916}
  - {x: 1, y: -1, z: 6.5815935}
  - {x: 1, y: -1, z: 4.5815916}
  - {x: -1, y: 5.9554453, z: 6.5815935}
  - {x: -1, y: 5.9554453, z: 4.5815916}
  - {x: -1, y: -1, z: 6.5815935}
  - {x: -1, y: -1, z: 4.5815916}
  - {x: 6.8583636, y: 5.9554453, z: 6.5815935}
  - {x: 6.8583636, y: 5.9554453, z: 4.5815916}
  - {x: 6.8583636, y: -1, z: 6.5815935}
  - {x: 6.8583636, y: -1, z: 4.5815916}
  - {x: 3.151598, y: 5.9554453, z: 6.5815935}
  - {x: 3.151598, y: 5.9554453, z: 4.5815916}
  - {x: 3.151598, y: -1, z: 6.5815935}
  - {x: 3.151598, y: -1, z: 4.5815916}
  - {x: -5.0593376, y: 5.9554453, z: 6.5815935}
  - {x: -5.0593376, y: 5.9554453, z: 4.5815916}
  - {x: -5.0593376, y: -1, z: 6.5815935}
  - {x: -5.0593376, y: -1, z: 4.5815916}
  - {x: 5.151596, y: 5.9554453, z: 6.5815935}
  - {x: 5.151596, y: 5.9554453, z: 4.5815916}
  - {x: 5.151596, y: -1, z: 6.5815935}
  - {x: 5.151596, y: -1, z: 4.5815916}
  - {x: -3.0593395, y: 5.9554453, z: -1.4448249}
  - {x: -3.0593395, y: 5.9554453, z: -3.444825}
  - {x: -3.0593395, y: -1, z: -1.4448249}
  - {x: -3.0593395, y: -1, z: -3.444825}
  - {x: -7.135136, y: 5.9554453, z: -1.4448249}
  - {x: -7.135136, y: 5.9554453, z: -3.444825}
  - {x: -7.135136, y: -1, z: -1.4448249}
  - {x: -7.135136, y: -1, z: -3.444825}
  - {x: 1, y: 5.9554453, z: -1.4448249}
  - {x: 1, y: 5.9554453, z: -3.444825}
  - {x: 1, y: -1, z: -1.4448249}
  - {x: 1, y: -1, z: -3.444825}
  - {x: -1, y: 5.9554453, z: -1.4448249}
  - {x: -1, y: 5.9554453, z: -3.444825}
  - {x: -1, y: -1, z: -1.4448249}
  - {x: -1, y: -1, z: -3.444825}
  - {x: 6.8583636, y: 5.9554453, z: -1.4448249}
  - {x: 6.8583636, y: 5.9554453, z: -3.444825}
  - {x: 6.8583636, y: -1, z: -1.4448249}
  - {x: 6.8583636, y: -1, z: -3.444825}
  - {x: 3.151598, y: 5.9554453, z: -1.4448249}
  - {x: 3.151598, y: 5.9554453, z: -3.444825}
  - {x: 3.151598, y: -1, z: -1.4448249}
  - {x: 3.151598, y: -1, z: -3.444825}
  - {x: -5.0593376, y: 5.9554453, z: -1.4448249}
  - {x: -5.0593376, y: 5.9554453, z: -3.444825}
  - {x: -5.0593376, y: -1, z: -1.4448249}
  - {x: -5.0593376, y: -1, z: -3.444825}
  - {x: 5.151596, y: 5.9554453, z: -1.4448249}
  - {x: 5.151596, y: 5.9554453, z: -3.444825}
  - {x: 5.151596, y: -1, z: -1.4448249}
  - {x: 5.151596, y: -1, z: -3.444825}
  - {x: -3.0593395, y: 5.9554453, z: -5.845014}
  - {x: -3.0593395, y: 5.9554453, z: -7.845014}
  - {x: -3.0593395, y: -1, z: -5.845014}
  - {x: -3.0593395, y: -1, z: -7.845014}
  - {x: -7.135136, y: 5.9554453, z: -5.845014}
  - {x: -7.135136, y: 5.9554453, z: -7.845014}
  - {x: -7.135136, y: -1, z: -5.845014}
  - {x: -7.135136, y: -1, z: -7.845014}
  - {x: 1, y: 5.9554453, z: -5.845014}
  - {x: 1, y: 5.9554453, z: -7.845014}
  - {x: 1, y: -1, z: -5.845014}
  - {x: 1, y: -1, z: -7.845014}
  - {x: -1, y: 5.9554453, z: -5.845014}
  - {x: -1, y: 5.9554453, z: -7.845014}
  - {x: -1, y: -1, z: -5.845014}
  - {x: -1, y: -1, z: -7.845014}
  - {x: 6.8583636, y: 5.9554453, z: -5.845014}
  - {x: 6.8583636, y: 5.9554453, z: -7.845014}
  - {x: 6.8583636, y: -1, z: -5.845014}
  - {x: 6.8583636, y: -1, z: -7.845014}
  - {x: 3.151598, y: 5.9554453, z: -5.845014}
  - {x: 3.151598, y: 5.9554453, z: -7.845014}
  - {x: 3.151598, y: -1, z: -5.845014}
  - {x: 3.151598, y: -1, z: -7.845014}
  - {x: -5.0593376, y: 5.9554453, z: -5.845014}
  - {x: -5.0593376, y: 5.9554453, z: -7.845014}
  - {x: -5.0593376, y: -1, z: -5.845014}
  - {x: -5.0593376, y: -1, z: -7.845014}
  - {x: 5.151596, y: 5.9554453, z: -5.845014}
  - {x: 5.151596, y: 5.9554453, z: -7.845014}
  - {x: 5.151596, y: -1, z: -5.845014}
  - {x: 5.151596, y: -1, z: -7.845014}
  - {x: -3.0593395, y: 1, z: 10.364153}
  - {x: -3.0593395, y: 1, z: 8.364151}
  - {x: -7.135136, y: 1, z: 10.364153}
  - {x: -7.135136, y: 1, z: 8.364151}
  - {x: 1, y: 1, z: 10.364153}
  - {x: 1, y: 1, z: 8.364151}
  - {x: -1, y: 1, z: 10.364153}
  - {x: -1, y: 1, z: 8.364151}
  - {x: 6.8583636, y: 1, z: 10.364153}
  - {x: 6.8583636, y: 1, z: 8.364151}
  - {x: 3.151598, y: 1, z: 10.364153}
  - {x: 3.151598, y: 1, z: 8.364151}
  - {x: -5.0593376, y: 1, z: 10.364153}
  - {x: -5.0593376, y: 1, z: 8.364151}
  - {x: 5.151596, y: 1, z: 10.364153}
  - {x: 5.151596, y: 1, z: 8.364151}
  - {x: -3.0593395, y: 1, z: -9.98073}
  - {x: -7.135136, y: 1, z: -9.98073}
  - {x: 1, y: 1, z: -9.98073}
  - {x: -1, y: 1, z: -9.98073}
  - {x: 6.8583636, y: 1, z: -9.98073}
  - {x: 3.151598, y: 1, z: -9.98073}
  - {x: -5.0593376, y: 1, z: -9.98073}
  - {x: 5.151596, y: 1, z: -9.98073}
  - {x: -3.0593395, y: 1, z: 2.660642}
  - {x: -3.0593395, y: 1, z: 0.66064215}
  - {x: -7.135136, y: 1, z: 2.660642}
  - {x: -7.135136, y: 1, z: 0.66064215}
  - {x: 1, y: 1, z: 2.660642}
  - {x: 1, y: 1, z: 0.66064215}
  - {x: -1, y: 1, z: 2.660642}
  - {x: -1, y: 1, z: 0.66064215}
  - {x: 6.8583636, y: 1, z: 2.660642}
  - {x: 6.8583636, y: 1, z: 0.66064215}
  - {x: 3.151598, y: 1, z: 2.660642}
  - {x: 3.151598, y: 1, z: 0.66064215}
  - {x: -5.0593376, y: 1, z: 2.660642}
  - {x: -5.0593376, y: 1, z: 0.66064215}
  - {x: 5.151596, y: 1, z: 2.660642}
  - {x: 5.151596, y: 1, z: 0.66064215}
  - {x: -3.0593395, y: 1, z: 6.5815935}
  - {x: -3.0593395, y: 1, z: 4.5815916}
  - {x: -7.135136, y: 1, z: 6.5815935}
  - {x: -7.135136, y: 1, z: 4.5815916}
  - {x: 1, y: 1, z: 6.5815935}
  - {x: 1, y: 1, z: 4.5815916}
  - {x: -1, y: 1, z: 6.5815935}
  - {x: -1, y: 1, z: 4.5815916}
  - {x: 6.8583636, y: 1, z: 6.5815935}
  - {x: 6.8583636, y: 1, z: 4.5815916}
  - {x: 3.151598, y: 1, z: 6.5815935}
  - {x: 3.151598, y: 1, z: 4.5815916}
  - {x: -5.0593376, y: 1, z: 6.5815935}
  - {x: -5.0593376, y: 1, z: 4.5815916}
  - {x: 5.151596, y: 1, z: 6.5815935}
  - {x: 5.151596, y: 1, z: 4.5815916}
  - {x: -3.0593395, y: 1, z: -1.4448249}
  - {x: -3.0593395, y: 1, z: -3.444825}
  - {x: -7.135136, y: 1, z: -1.4448249}
  - {x: -7.135136, y: 1, z: -3.444825}
  - {x: 1, y: 1, z: -1.4448249}
  - {x: 1, y: 1, z: -3.444825}
  - {x: -1, y: 1, z: -1.4448249}
  - {x: -1, y: 1, z: -3.444825}
  - {x: 6.8583636, y: 1, z: -1.4448249}
  - {x: 6.8583636, y: 1, z: -3.444825}
  - {x: 3.151598, y: 1, z: -1.4448249}
  - {x: 3.151598, y: 1, z: -3.444825}
  - {x: -5.0593376, y: 1, z: -1.4448249}
  - {x: -5.0593376, y: 1, z: -3.444825}
  - {x: 5.151596, y: 1, z: -1.4448249}
  - {x: 5.151596, y: 1, z: -3.444825}
  - {x: -3.0593395, y: 1, z: -5.845014}
  - {x: -3.0593395, y: 1, z: -7.845014}
  - {x: -7.135136, y: 1, z: -5.845014}
  - {x: -7.135136, y: 1, z: -7.845014}
  - {x: 1, y: 1, z: -5.845014}
  - {x: 1, y: 1, z: -7.845014}
  - {x: -1, y: 1, z: -5.845014}
  - {x: -1, y: 1, z: -7.845014}
  - {x: 6.8583636, y: 1, z: -5.845014}
  - {x: 6.8583636, y: 1, z: -7.845014}
  - {x: 3.151598, y: 1, z: -5.845014}
  - {x: 3.151598, y: 1, z: -7.845014}
  - {x: -5.0593376, y: 1, z: -5.845014}
  - {x: -5.0593376, y: 1, z: -7.845014}
  - {x: 5.151596, y: 1, z: -5.845014}
  - {x: 5.151596, y: 1, z: -7.845014}
  - {x: -3.0593395, y: 3.1448987, z: 10.364153}
  - {x: -3.0593395, y: 3.1448987, z: 8.364151}
  - {x: -7.135136, y: 3.1448987, z: 10.364153}
  - {x: -7.135136, y: 3.1448987, z: 8.364151}
  - {x: 1, y: 3.1448987, z: 10.364153}
  - {x: 1, y: 3.1448987, z: 8.364151}
  - {x: -1, y: 3.1448987, z: 10.364153}
  - {x: -1, y: 3.1448987, z: 8.364151}
  - {x: 6.8583636, y: 3.1448987, z: 10.364153}
  - {x: 6.8583636, y: 3.1448987, z: 8.364151}
  - {x: 3.151598, y: 3.1448987, z: 10.364153}
  - {x: 3.151598, y: 3.1448987, z: 8.364151}
  - {x: -5.0593376, y: 3.1448987, z: 10.364153}
  - {x: -5.0593376, y: 3.1448987, z: 8.364151}
  - {x: 5.151596, y: 3.1448987, z: 10.364153}
  - {x: 5.151596, y: 3.1448987, z: 8.364151}
  - {x: -3.0593395, y: 3.1448987, z: -9.98073}
  - {x: -7.135136, y: 3.1448987, z: -9.98073}
  - {x: 1, y: 3.1448987, z: -9.98073}
  - {x: -1, y: 3.1448987, z: -9.98073}
  - {x: 6.8583636, y: 3.1448987, z: -9.98073}
  - {x: 3.151598, y: 3.1448987, z: -9.98073}
  - {x: -5.0593376, y: 3.1448987, z: -9.98073}
  - {x: 5.151596, y: 3.1448987, z: -9.98073}
  - {x: -3.0593395, y: 3.1448987, z: 2.660642}
  - {x: -3.0593395, y: 3.1448987, z: 0.66064215}
  - {x: -7.135136, y: 3.1448987, z: 2.660642}
  - {x: -7.135136, y: 3.1448987, z: 0.66064215}
  - {x: 1, y: 3.1448987, z: 2.660642}
  - {x: 1, y: 3.1448987, z: 0.66064215}
  - {x: -1, y: 3.1448987, z: 2.660642}
  - {x: -1, y: 3.1448987, z: 0.66064215}
  - {x: 6.8583636, y: 3.1448987, z: 2.660642}
  - {x: 6.8583636, y: 3.1448987, z: 0.66064215}
  - {x: 3.151598, y: 3.1448987, z: 2.660642}
  - {x: 3.151598, y: 3.1448987, z: 0.66064215}
  - {x: -5.0593376, y: 3.1448987, z: 2.660642}
  - {x: -5.0593376, y: 3.1448987, z: 0.66064215}
  - {x: 5.151596, y: 3.1448987, z: 2.660642}
  - {x: 5.151596, y: 3.1448987, z: 0.66064215}
  - {x: -3.0593395, y: 3.1448987, z: 6.5815935}
  - {x: -3.0593395, y: 3.1448987, z: 4.5815916}
  - {x: -7.135136, y: 3.1448987, z: 6.5815935}
  - {x: -7.135136, y: 3.1448987, z: 4.5815916}
  - {x: 1, y: 3.1448987, z: 6.5815935}
  - {x: 1, y: 3.1448987, z: 4.5815916}
  - {x: -1, y: 3.1448987, z: 6.5815935}
  - {x: -1, y: 3.1448987, z: 4.5815916}
  - {x: 6.8583636, y: 3.1448987, z: 6.5815935}
  - {x: 6.8583636, y: 3.1448987, z: 4.5815916}
  - {x: 3.151598, y: 3.1448987, z: 6.5815935}
  - {x: 3.151598, y: 3.1448987, z: 4.5815916}
  - {x: -5.0593376, y: 3.1448987, z: 6.5815935}
  - {x: -5.0593376, y: 3.1448987, z: 4.5815916}
  - {x: 5.151596, y: 3.1448987, z: 6.5815935}
  - {x: 5.151596, y: 3.1448987, z: 4.5815916}
  - {x: -3.0593395, y: 3.1448987, z: -1.4448249}
  - {x: -3.0593395, y: 3.1448987, z: -3.444825}
  - {x: -7.135136, y: 3.1448987, z: -1.4448249}
  - {x: -7.135136, y: 3.1448987, z: -3.444825}
  - {x: 1, y: 3.1448987, z: -1.4448249}
  - {x: 1, y: 3.1448987, z: -3.444825}
  - {x: -1, y: 3.1448987, z: -1.4448249}
  - {x: -1, y: 3.1448987, z: -3.444825}
  - {x: 6.8583636, y: 3.1448987, z: -1.4448249}
  - {x: 6.8583636, y: 3.1448987, z: -3.444825}
  - {x: 3.151598, y: 3.1448987, z: -1.4448249}
  - {x: 3.151598, y: 3.1448987, z: -3.444825}
  - {x: -5.0593376, y: 3.1448987, z: -1.4448249}
  - {x: -5.0593376, y: 3.1448987, z: -3.444825}
  - {x: 5.151596, y: 3.1448987, z: -1.4448249}
  - {x: 5.151596, y: 3.1448987, z: -3.444825}
  - {x: -3.0593395, y: 3.1448987, z: -5.845014}
  - {x: -3.0593395, y: 3.1448987, z: -7.845014}
  - {x: -7.135136, y: 3.1448987, z: -5.845014}
  - {x: -7.135136, y: 3.1448987, z: -7.845014}
  - {x: 1, y: 3.1448987, z: -5.845014}
  - {x: 1, y: 3.1448987, z: -7.845014}
  - {x: -1, y: 3.1448987, z: -5.845014}
  - {x: -1, y: 3.1448987, z: -7.845014}
  - {x: 6.8583636, y: 3.1448987, z: -5.845014}
  - {x: 6.8583636, y: 3.1448987, z: -7.845014}
  - {x: 3.151598, y: 3.1448987, z: -5.845014}
  - {x: 3.151598, y: 3.1448987, z: -7.845014}
  - {x: -5.0593376, y: 3.1448987, z: -5.845014}
  - {x: -5.0593376, y: 3.1448987, z: -7.845014}
  - {x: 5.151596, y: 3.1448987, z: -5.845014}
  - {x: 5.151596, y: 3.1448987, z: -7.845014}
  m_Dering: 1
--- !u!4 &794239784380176476
Transform:
  m_ObjectHideFlags: 0
  m_CorrespondingSourceObject: {fileID: 0}
  m_PrefabInstance: {fileID: 0}
  m_PrefabAsset: {fileID: 0}
  m_GameObject: {fileID: 4422232712553720399}
  m_LocalRotation: {x: -0.50000083, y: 0.49999925, z: 0.49999928, w: 0.5000007}
  m_LocalPosition: {x: 0, y: 0, z: 0}
  m_LocalScale: {x: 1, y: 1, z: 1}
  m_ConstrainProportionsScale: 0
  m_Children:
  - {fileID: 51887835}
  - {fileID: 1107115272}
  m_Father: {fileID: 1716585647}
  m_RootOrder: 3
  m_LocalEulerAnglesHint: {x: 0, y: 0, z: 0}
--- !u!1 &1906115682351517284
GameObject:
  m_ObjectHideFlags: 0
  m_CorrespondingSourceObject: {fileID: 0}
  m_PrefabInstance: {fileID: 0}
  m_PrefabAsset: {fileID: 0}
  serializedVersion: 6
  m_Component:
  - component: {fileID: 7257154674658203286}
  - component: {fileID: 8704729280055899977}
  - component: {fileID: 2692528794930111930}
  m_Layer: 0
  m_Name: InnerBar
  m_TagString: Untagged
  m_Icon: {fileID: 0}
  m_NavMeshLayer: 0
  m_StaticEditorFlags: 0
  m_IsActive: 1
--- !u!23 &2692528794930111930
MeshRenderer:
  m_ObjectHideFlags: 0
  m_CorrespondingSourceObject: {fileID: 0}
  m_PrefabInstance: {fileID: 0}
  m_PrefabAsset: {fileID: 0}
  m_GameObject: {fileID: 1906115682351517284}
  m_Enabled: 1
  m_CastShadows: 1
  m_ReceiveShadows: 1
  m_DynamicOccludee: 1
  m_StaticShadowCaster: 0
  m_MotionVectors: 1
  m_LightProbeUsage: 1
  m_ReflectionProbeUsage: 1
  m_RayTracingMode: 2
  m_RayTraceProcedural: 0
  m_RenderingLayerMask: 1
  m_RendererPriority: 0
  m_Materials:
  - {fileID: 2100000, guid: 549a75a49dd264504b6034d006af7beb, type: 2}
  m_StaticBatchInfo:
    firstSubMesh: 0
    subMeshCount: 0
  m_StaticBatchRoot: {fileID: 0}
  m_ProbeAnchor: {fileID: 0}
  m_LightProbeVolumeOverride: {fileID: 0}
  m_ScaleInLightmap: 1
  m_ReceiveGI: 1
  m_PreserveUVs: 0
  m_IgnoreNormalsForChartDetection: 0
  m_ImportantGI: 0
  m_StitchLightmapSeams: 1
  m_SelectedEditorRenderState: 3
  m_MinimumChartSize: 4
  m_AutoUVMaxDistance: 0.5
  m_AutoUVMaxAngle: 89
  m_LightmapParameters: {fileID: 0}
  m_SortingLayerID: 0
  m_SortingLayer: 0
  m_SortingOrder: 0
  m_AdditionalVertexStreams: {fileID: 0}
--- !u!33 &4044710141347712428
MeshFilter:
  m_ObjectHideFlags: 0
  m_CorrespondingSourceObject: {fileID: 0}
  m_PrefabInstance: {fileID: 0}
  m_PrefabAsset: {fileID: 0}
  m_GameObject: {fileID: 8296172669001958793}
  m_Mesh: {fileID: -7860970787427425400, guid: 0830ce0c1db424dc0a6c4911be5a6c82, type: 3}
--- !u!1 &4422232712553720399
GameObject:
  m_ObjectHideFlags: 0
  m_CorrespondingSourceObject: {fileID: 0}
  m_PrefabInstance: {fileID: 0}
  m_PrefabAsset: {fileID: 0}
  serializedVersion: 6
  m_Component:
  - component: {fileID: 794239784380176476}
  m_Layer: 0
  m_Name: Static
  m_TagString: Untagged
  m_Icon: {fileID: 0}
  m_NavMeshLayer: 0
  m_StaticEditorFlags: 4294967295
  m_IsActive: 1
--- !u!4 &5006512734993151898
Transform:
  m_ObjectHideFlags: 0
  m_CorrespondingSourceObject: {fileID: 0}
  m_PrefabInstance: {fileID: 0}
  m_PrefabAsset: {fileID: 0}
  m_GameObject: {fileID: 8296172669001958793}
  m_LocalRotation: {x: -0.7071068, y: -0, z: -0, w: 0.7071067}
  m_LocalPosition: {x: -1.4457743, y: 1.9597656, z: -10.284188}
  m_LocalScale: {x: 1, y: 1, z: 1}
  m_ConstrainProportionsScale: 0
  m_Children:
  - {fileID: 7257154674658203286}
  m_Father: {fileID: 748635352}
  m_RootOrder: 0
  m_LocalEulerAnglesHint: {x: 0, y: 0, z: 0}
--- !u!4 &7257154674658203286
Transform:
  m_ObjectHideFlags: 0
  m_CorrespondingSourceObject: {fileID: 0}
  m_PrefabInstance: {fileID: 0}
  m_PrefabAsset: {fileID: 0}
  m_GameObject: {fileID: 1906115682351517284}
  m_LocalRotation: {x: 0, y: -0, z: -0, w: 1}
  m_LocalPosition: {x: 1, y: 0, z: 0}
  m_LocalScale: {x: 1, y: 1, z: 1}
  m_ConstrainProportionsScale: 0
  m_Children: []
  m_Father: {fileID: 5006512734993151898}
  m_RootOrder: 0
  m_LocalEulerAnglesHint: {x: 0, y: 0, z: 0}
--- !u!23 &7718390322840514901
MeshRenderer:
  m_ObjectHideFlags: 0
  m_CorrespondingSourceObject: {fileID: 0}
  m_PrefabInstance: {fileID: 0}
  m_PrefabAsset: {fileID: 0}
  m_GameObject: {fileID: 8296172669001958793}
  m_Enabled: 1
  m_CastShadows: 1
  m_ReceiveShadows: 1
  m_DynamicOccludee: 1
  m_StaticShadowCaster: 0
  m_MotionVectors: 1
  m_LightProbeUsage: 1
  m_ReflectionProbeUsage: 1
  m_RayTracingMode: 2
  m_RayTraceProcedural: 0
  m_RenderingLayerMask: 1
  m_RendererPriority: 0
  m_Materials:
  - {fileID: -876546973899608171, guid: 0830ce0c1db424dc0a6c4911be5a6c82, type: 3}
  m_StaticBatchInfo:
    firstSubMesh: 0
    subMeshCount: 0
  m_StaticBatchRoot: {fileID: 0}
  m_ProbeAnchor: {fileID: 0}
  m_LightProbeVolumeOverride: {fileID: 0}
  m_ScaleInLightmap: 1
  m_ReceiveGI: 1
  m_PreserveUVs: 0
  m_IgnoreNormalsForChartDetection: 0
  m_ImportantGI: 0
  m_StitchLightmapSeams: 1
  m_SelectedEditorRenderState: 3
  m_MinimumChartSize: 4
  m_AutoUVMaxDistance: 0.5
  m_AutoUVMaxAngle: 89
  m_LightmapParameters: {fileID: 0}
  m_SortingLayerID: 0
  m_SortingLayer: 0
  m_SortingOrder: 0
  m_AdditionalVertexStreams: {fileID: 0}
--- !u!1 &8296172669001958793
GameObject:
  m_ObjectHideFlags: 0
  m_CorrespondingSourceObject: {fileID: 0}
  m_PrefabInstance: {fileID: 0}
  m_PrefabAsset: {fileID: 0}
  serializedVersion: 6
  m_Component:
  - component: {fileID: 5006512734993151898}
  - component: {fileID: 4044710141347712428}
  - component: {fileID: 7718390322840514901}
  m_Layer: 0
  m_Name: loadbar
  m_TagString: Untagged
  m_Icon: {fileID: 0}
  m_NavMeshLayer: 0
  m_StaticEditorFlags: 0
  m_IsActive: 0
--- !u!33 &8704729280055899977
MeshFilter:
  m_ObjectHideFlags: 0
  m_CorrespondingSourceObject: {fileID: 0}
  m_PrefabInstance: {fileID: 0}
  m_PrefabAsset: {fileID: 0}
  m_GameObject: {fileID: 1906115682351517284}
  m_Mesh: {fileID: -2010833177202235013, guid: 0830ce0c1db424dc0a6c4911be5a6c82, type: 3}
