%YAML 1.1
%TAG !u! tag:unity3d.com,2011:
--- !u!1 &1170871466074830
GameObject:
  m_ObjectHideFlags: 0
  m_CorrespondingSourceObject: {fileID: 0}
  m_PrefabInstance: {fileID: 0}
  m_PrefabAsset: {fileID: 0}
  serializedVersion: 6
  m_Component:
  - component: {fileID: 4788065400005362}
  - component: {fileID: 939119977694987768}
  - component: {fileID: 1663974831451187916}
  - component: {fileID: 6568511767869572873}
  - component: {fileID: 8183886164570052048}
  - component: {fileID: 5239218036888401786}
  - component: {fileID: 5513912200799561849}
  - component: {fileID: 31710250231619722}
  - component: {fileID: 2190750891117864321}
  m_Layer: 0
  m_Name: VRPlayer
  m_TagString: Player
  m_Icon: {fileID: 0}
  m_NavMeshLayer: 0
  m_StaticEditorFlags: 0
  m_IsActive: 1
--- !u!4 &4788065400005362
Transform:
  m_ObjectHideFlags: 0
  m_CorrespondingSourceObject: {fileID: 0}
  m_PrefabInstance: {fileID: 0}
  m_PrefabAsset: {fileID: 0}
  m_GameObject: {fileID: 1170871466074830}
  m_LocalRotation: {x: 0, y: 0, z: 0, w: 1}
  m_LocalPosition: {x: 0, y: 0, z: 0}
  m_LocalScale: {x: 1, y: 1, z: 1}
  m_ConstrainProportionsScale: 0
  m_Children:
  - {fileID: 5019760819470431215}
  - {fileID: 8816710949873906786}
  m_Father: {fileID: 0}
  m_RootOrder: 0
  m_LocalEulerAnglesHint: {x: 0, y: 0, z: 0}
--- !u!114 &939119977694987768
MonoBehaviour:
  m_ObjectHideFlags: 0
  m_CorrespondingSourceObject: {fileID: 0}
  m_PrefabInstance: {fileID: 0}
  m_PrefabAsset: {fileID: 0}
  m_GameObject: {fileID: 1170871466074830}
  m_Enabled: 1
  m_EditorHideFlags: 0
  m_Script: {fileID: 11500000, guid: 9b91ecbcc199f4492b9a91e820070131, type: 3}
  m_Name: 
  m_EditorClassIdentifier: 
  sceneId: 0
  _assetId: 3976947885
  serverOnly: 0
  visible: 0
  hasSpawned: 0
--- !u!114 &1663974831451187916
MonoBehaviour:
  m_ObjectHideFlags: 0
  m_CorrespondingSourceObject: {fileID: 0}
  m_PrefabInstance: {fileID: 0}
  m_PrefabAsset: {fileID: 0}
  m_GameObject: {fileID: 1170871466074830}
  m_Enabled: 1
  m_EditorHideFlags: 0
  m_Script: {fileID: 11500000, guid: 58d0d82b0134441209b87ce4f96a709f, type: 3}
  m_Name: 
  m_EditorClassIdentifier: 
  syncDirection: 0
  syncMode: 0
  syncInterval: 0.1
  networkEvents:
    m_PersistentCalls:
      m_Calls:
      - m_Target: {fileID: 1497186596068142952}
        m_TargetAssemblyTypeName: NetworkPlayerAudioFix, Assembly-CSharp
        m_MethodName: DoShit
        m_Mode: 1
        m_Arguments:
          m_ObjectArgument: {fileID: 0}
          m_ObjectArgumentAssemblyTypeName: UnityEngine.Object, UnityEngine
          m_IntArgument: 0
          m_FloatArgument: 0
          m_StringArgument: 
          m_BoolArgument: 0
        m_CallState: 2
  currentHealth: 0
  maxHealth: 3
  trackingIndex: 0
  OnTrackingIndexChangeOnServerEvent:
    m_PersistentCalls:
      m_Calls:
      - m_Target: {fileID: 8183886164570052048}
        m_TargetAssemblyTypeName: IAS.CoLocationMUVR.Optitrack.IAVROptitrackPlayer,
          Assembly-CSharp
        m_MethodName: UpdateTrackingIndex
        m_Mode: 1
        m_Arguments:
          m_ObjectArgument: {fileID: 0}
          m_ObjectArgumentAssemblyTypeName: UnityEngine.Object, UnityEngine
          m_IntArgument: 0
          m_FloatArgument: 0
          m_StringArgument: 
          m_BoolArgument: 0
        m_CallState: 2
  teamIndex: 0
  center: {fileID: 8816710949873906786}
  head: {fileID: 5269864955848289562}
  leftHand: {fileID: 1673537987912019716}
  rightHand: {fileID: 148109398801984414}
  visualSphere: {fileID: 2017391085450428426}
  trackHands: 1
  targetBodyScaleManager: {fileID: 6568511767869572873}
  targetHealthUI: {fileID: 8227504038925921313}
  localHealthBarPositionOffset: {x: 0, y: -0.9, z: 0.6}
  bodyScale: 1
  armScale: 1
--- !u!114 &6568511767869572873
MonoBehaviour:
  m_ObjectHideFlags: 0
  m_CorrespondingSourceObject: {fileID: 0}
  m_PrefabInstance: {fileID: 0}
  m_PrefabAsset: {fileID: 0}
  m_GameObject: {fileID: 1170871466074830}
  m_Enabled: 1
  m_EditorHideFlags: 0
  m_Script: {fileID: 11500000, guid: a7c745e1ec132df4cac5b00eaf0e3841, type: 3}
  m_Name: 
  m_EditorClassIdentifier: 
  targetBody: {fileID: 7205349561729626061}
  currentSizeValue: 1
  baseEyeHeight: 1.74
  headTarget: {fileID: 5612198508833483441}
  neutralizeHandScale: 1
  baseArmLength: 0.61
  currentArmSizeValue: 1
  leftHandTarget: {fileID: 6625655792338118982}
  rightHandTarget: {fileID: 6350564673773774391}
  leftUpperarmBone: {fileID: 101163177393341584}
  leftForearmBone: {fileID: 1583536480881533141}
  leftHandBone: {fileID: 7623914371476438826}
  rightUpperarmBone: {fileID: 1618978234414385925}
  rightForearmBone: {fileID: 6770726574596071838}
  rightHandBone: {fileID: 3309601712845842559}
  multiplyWithHandScale: 1
  targetLeftHandController: {fileID: 1673537987912019716}
  targetRightHandController: {fileID: 148109398801984414}
--- !u!114 &8183886164570052048
MonoBehaviour:
  m_ObjectHideFlags: 0
  m_CorrespondingSourceObject: {fileID: 0}
  m_PrefabInstance: {fileID: 0}
  m_PrefabAsset: {fileID: 0}
  m_GameObject: {fileID: 1170871466074830}
  m_Enabled: 1
  m_EditorHideFlags: 0
  m_Script: {fileID: 11500000, guid: 17ef332b59a114967b5a5131b82f4a70, type: 3}
  m_Name: 
  m_EditorClassIdentifier: 
  syncDirection: 0
  syncMode: 0
  syncInterval: 0.1
  doLocalCalibration: 0
  offsetCheckInterval: 0.2
  offsetRecordeLength: 30
  offsetTriggerValue: {x: 0.25, y: 0.5}
  offsetVelocity: {x: 0.12, y: 0.2}
  calibrationTriggerValue: 0.013
  calibrationWaitTime: 5
  recordPositionsTime: 1
  recordPositionsLength: 15
--- !u!114 &5239218036888401786
MonoBehaviour:
  m_ObjectHideFlags: 0
  m_CorrespondingSourceObject: {fileID: 0}
  m_PrefabInstance: {fileID: 0}
  m_PrefabAsset: {fileID: 0}
  m_GameObject: {fileID: 1170871466074830}
  m_Enabled: 1
  m_EditorHideFlags: 0
  m_Script: {fileID: 11500000, guid: 2f74aedd71d9a4f55b3ce499326d45fb, type: 3}
  m_Name: 
  m_EditorClassIdentifier: 
  syncDirection: 1
  syncMode: 0
  syncInterval: 0
  target: {fileID: 5269864955848289562}
  clientAuthority: 0
  syncPosition: 1
  syncRotation: 1
  syncScale: 0
  interpolatePosition: 1
  interpolateRotation: 1
  interpolateScale: 1
  showGizmos: 0
  showOverlay: 0
  overlayColor: {r: 0, g: 0, b: 0, a: 0.5}
  onlySyncOnChange: 1
  bufferResetMultiplier: 5
  positionSensitivity: 0.01
  rotationSensitivity: 0.01
  scaleSensitivity: 0.01
  timelineOffset: 0
--- !u!114 &5513912200799561849
MonoBehaviour:
  m_ObjectHideFlags: 0
  m_CorrespondingSourceObject: {fileID: 0}
  m_PrefabInstance: {fileID: 0}
  m_PrefabAsset: {fileID: 0}
  m_GameObject: {fileID: 1170871466074830}
  m_Enabled: 1
  m_EditorHideFlags: 0
  m_Script: {fileID: 11500000, guid: 2f74aedd71d9a4f55b3ce499326d45fb, type: 3}
  m_Name: 
  m_EditorClassIdentifier: 
  syncDirection: 1
  syncMode: 0
  syncInterval: 0
  target: {fileID: 8167597933806312927}
  clientAuthority: 0
  syncPosition: 1
  syncRotation: 1
  syncScale: 0
  interpolatePosition: 1
  interpolateRotation: 1
  interpolateScale: 1
  showGizmos: 0
  showOverlay: 0
  overlayColor: {r: 0, g: 0, b: 0, a: 0.5}
  onlySyncOnChange: 1
  bufferResetMultiplier: 5
  positionSensitivity: 0.01
  rotationSensitivity: 0.01
  scaleSensitivity: 0.01
  timelineOffset: 0
--- !u!114 &31710250231619722
MonoBehaviour:
  m_ObjectHideFlags: 0
  m_CorrespondingSourceObject: {fileID: 0}
  m_PrefabInstance: {fileID: 0}
  m_PrefabAsset: {fileID: 0}
  m_GameObject: {fileID: 1170871466074830}
  m_Enabled: 1
  m_EditorHideFlags: 0
  m_Script: {fileID: 11500000, guid: 2f74aedd71d9a4f55b3ce499326d45fb, type: 3}
  m_Name: 
  m_EditorClassIdentifier: 
  syncDirection: 1
  syncMode: 0
  syncInterval: 0
  target: {fileID: 1997586268357682658}
  clientAuthority: 0
  syncPosition: 1
  syncRotation: 1
  syncScale: 0
  interpolatePosition: 1
  interpolateRotation: 1
  interpolateScale: 1
  showGizmos: 0
  showOverlay: 0
  overlayColor: {r: 0, g: 0, b: 0, a: 0.5}
  onlySyncOnChange: 1
  bufferResetMultiplier: 5
  positionSensitivity: 0.01
  rotationSensitivity: 0.01
  scaleSensitivity: 0.01
  timelineOffset: 0
--- !u!114 &2190750891117864321
MonoBehaviour:
  m_ObjectHideFlags: 0
  m_CorrespondingSourceObject: {fileID: 0}
  m_PrefabInstance: {fileID: 0}
  m_PrefabAsset: {fileID: 0}
  m_GameObject: {fileID: 1170871466074830}
  m_Enabled: 1
  m_EditorHideFlags: 0
  m_Script: {fileID: 11500000, guid: 8ff3ba0becae47b8b9381191598957c8, type: 3}
  m_Name: 
  m_EditorClassIdentifier: 
  syncDirection: 1
  syncMode: 0
  syncInterval: 0
  target: {fileID: 8816710949873906786}
  clientAuthority: 0
  syncPosition: 1
  syncRotation: 1
  syncScale: 0
  interpolatePosition: 1
  interpolateRotation: 1
  interpolateScale: 1
  showGizmos: 0
  showOverlay: 0
  overlayColor: {r: 0, g: 0, b: 0, a: 0.5}
  onlySyncOnChange: 1
  onlySyncOnChangeCorrectionMultiplier: 2
  sendIntervalMultiplier: 3
  rotationSensitivity: 0.01
  compressRotation: 0
  positionPrecision: 0.01
  scalePrecision: 0.01
  timelineOffset: 0
--- !u!1 &2017391085450428426
GameObject:
  m_ObjectHideFlags: 0
  m_CorrespondingSourceObject: {fileID: 0}
  m_PrefabInstance: {fileID: 0}
  m_PrefabAsset: {fileID: 0}
  serializedVersion: 6
  m_Component:
  - component: {fileID: 7134241148002407095}
  - component: {fileID: 1910054095494636318}
  - component: {fileID: 1947070946238293576}
  - component: {fileID: 3643609994037039779}
  m_Layer: 0
  m_Name: Sphere
  m_TagString: Untagged
  m_Icon: {fileID: 0}
  m_NavMeshLayer: 0
  m_StaticEditorFlags: 0
  m_IsActive: 1
--- !u!4 &7134241148002407095
Transform:
  m_ObjectHideFlags: 0
  m_CorrespondingSourceObject: {fileID: 0}
  m_PrefabInstance: {fileID: 0}
  m_PrefabAsset: {fileID: 0}
  m_GameObject: {fileID: 2017391085450428426}
  m_LocalRotation: {x: 0, y: 0, z: 0, w: 1}
  m_LocalPosition: {x: 0, y: 0, z: 0}
  m_LocalScale: {x: 0.2, y: 0.2, z: 0.2}
  m_ConstrainProportionsScale: 0
  m_Children: []
  m_Father: {fileID: 5269864955848289562}
  m_RootOrder: 1
  m_LocalEulerAnglesHint: {x: 0, y: 0, z: 0}
--- !u!33 &1910054095494636318
MeshFilter:
  m_ObjectHideFlags: 0
  m_CorrespondingSourceObject: {fileID: 0}
  m_PrefabInstance: {fileID: 0}
  m_PrefabAsset: {fileID: 0}
  m_GameObject: {fileID: 2017391085450428426}
  m_Mesh: {fileID: 10207, guid: 0000000000000000e000000000000000, type: 0}
--- !u!23 &1947070946238293576
MeshRenderer:
  m_ObjectHideFlags: 0
  m_CorrespondingSourceObject: {fileID: 0}
  m_PrefabInstance: {fileID: 0}
  m_PrefabAsset: {fileID: 0}
  m_GameObject: {fileID: 2017391085450428426}
  m_Enabled: 1
  m_CastShadows: 1
  m_ReceiveShadows: 1
  m_DynamicOccludee: 1
  m_StaticShadowCaster: 0
  m_MotionVectors: 1
  m_LightProbeUsage: 1
  m_ReflectionProbeUsage: 1
  m_RayTracingMode: 2
  m_RayTraceProcedural: 0
  m_RenderingLayerMask: 1
  m_RendererPriority: 0
  m_Materials:
  - {fileID: 2100000, guid: c70d2f2f2e6520a4385fbf57caa00875, type: 2}
  m_StaticBatchInfo:
    firstSubMesh: 0
    subMeshCount: 0
  m_StaticBatchRoot: {fileID: 0}
  m_ProbeAnchor: {fileID: 0}
  m_LightProbeVolumeOverride: {fileID: 0}
  m_ScaleInLightmap: 1
  m_ReceiveGI: 1
  m_PreserveUVs: 0
  m_IgnoreNormalsForChartDetection: 0
  m_ImportantGI: 0
  m_StitchLightmapSeams: 1
  m_SelectedEditorRenderState: 3
  m_MinimumChartSize: 4
  m_AutoUVMaxDistance: 0.5
  m_AutoUVMaxAngle: 89
  m_LightmapParameters: {fileID: 0}
  m_SortingLayerID: 0
  m_SortingLayer: 0
  m_SortingOrder: 0
  m_AdditionalVertexStreams: {fileID: 0}
--- !u!135 &3643609994037039779
SphereCollider:
  m_ObjectHideFlags: 0
  m_CorrespondingSourceObject: {fileID: 0}
  m_PrefabInstance: {fileID: 0}
  m_PrefabAsset: {fileID: 0}
  m_GameObject: {fileID: 2017391085450428426}
  m_Material: {fileID: 0}
  m_IsTrigger: 0
  m_Enabled: 1
  serializedVersion: 2
  m_Radius: 0.5
  m_Center: {x: 0, y: 0, z: 0}
--- !u!1 &2151562329051111965
GameObject:
  m_ObjectHideFlags: 0
  m_CorrespondingSourceObject: {fileID: 0}
  m_PrefabInstance: {fileID: 0}
  m_PrefabAsset: {fileID: 0}
  serializedVersion: 6
  m_Component:
  - component: {fileID: 1997586268357682658}
  - component: {fileID: 5180999650103015757}
  - component: {fileID: 412526428220415726}
  - component: {fileID: 1667994197243812943}
  - component: {fileID: 148109398801984414}
  m_Layer: 8
  m_Name: RightHand
  m_TagString: Untagged
  m_Icon: {fileID: 0}
  m_NavMeshLayer: 0
  m_StaticEditorFlags: 0
  m_IsActive: 1
--- !u!4 &1997586268357682658
Transform:
  m_ObjectHideFlags: 0
  m_CorrespondingSourceObject: {fileID: 0}
  m_PrefabInstance: {fileID: 0}
  m_PrefabAsset: {fileID: 0}
  m_GameObject: {fileID: 2151562329051111965}
  m_LocalRotation: {x: -0, y: -0, z: -0, w: 1}
  m_LocalPosition: {x: 0, y: 0, z: 0}
  m_LocalScale: {x: 1, y: 1, z: 1}
  m_ConstrainProportionsScale: 0
  m_Children:
  - {fileID: 1850832375329095076}
  m_Father: {fileID: 8816710949873906786}
  m_RootOrder: 2
  m_LocalEulerAnglesHint: {x: 0, y: 0, z: 0}
--- !u!54 &5180999650103015757
Rigidbody:
  m_ObjectHideFlags: 0
  m_CorrespondingSourceObject: {fileID: 0}
  m_PrefabInstance: {fileID: 0}
  m_PrefabAsset: {fileID: 0}
  m_GameObject: {fileID: 2151562329051111965}
  serializedVersion: 2
  m_Mass: 1
  m_Drag: 0
  m_AngularDrag: 0.05
  m_UseGravity: 0
  m_IsKinematic: 1
  m_Interpolate: 0
  m_Constraints: 0
  m_CollisionDetection: 0
--- !u!114 &412526428220415726
MonoBehaviour:
  m_ObjectHideFlags: 0
  m_CorrespondingSourceObject: {fileID: 0}
  m_PrefabInstance: {fileID: 0}
  m_PrefabAsset: {fileID: 0}
  m_GameObject: {fileID: 2151562329051111965}
  m_Enabled: 1
  m_EditorHideFlags: 0
  m_Script: {fileID: 11500000, guid: cb7623a8f0b49cf4dbaa40aea4d4be64, type: 3}
  m_Name: 
  m_EditorClassIdentifier: 
  HandType: 1
  _pointerPoseRoot: {fileID: 0}
--- !u!114 &1667994197243812943
MonoBehaviour:
  m_ObjectHideFlags: 0
  m_CorrespondingSourceObject: {fileID: 0}
  m_PrefabInstance: {fileID: 0}
  m_PrefabAsset: {fileID: 0}
  m_GameObject: {fileID: 2151562329051111965}
  m_Enabled: 1
  m_EditorHideFlags: 0
  m_Script: {fileID: 11500000, guid: 674a40251fe8ad841b18517ac5209957, type: 3}
  m_Name: 
  m_EditorClassIdentifier: 
  _skeletonType: 1
  _updateRootPose: 0
  _updateRootScale: 0
  _enablePhysicsCapsules: 0
  _applyBoneTranslations: 0
  _customBones_V2:
  - {fileID: 945648366182655782}
  - {fileID: 4983380218271949959}
  - {fileID: 7579008813142166053}
  - {fileID: 4955771103801706980}
  - {fileID: 2396014683715546744}
  - {fileID: 6063898550399961532}
  - {fileID: 6195285159777957292}
  - {fileID: 1290943458820229516}
  - {fileID: 7208258019954452522}
  - {fileID: 6562272529050294421}
  - {fileID: 7761331178194866482}
  - {fileID: 3781680644758467978}
  - {fileID: 3752059566565324306}
  - {fileID: 1461441755535852481}
  - {fileID: 294576908538561311}
  - {fileID: 7587442919146254081}
  - {fileID: 1372947360903481322}
  - {fileID: 2267602493769568338}
  - {fileID: 2040561291498066690}
  - {fileID: 1312544521988251630}
  - {fileID: 5212449967383523340}
  - {fileID: 5585018112946507081}
  - {fileID: 4381094313607377433}
  - {fileID: 3347904715350160866}
  - {fileID: 0}
  - {fileID: 0}
  - {fileID: 0}
  - {fileID: 0}
  - {fileID: 0}
  - {fileID: 0}
  - {fileID: 0}
  - {fileID: 0}
  - {fileID: 0}
  - {fileID: 0}
  - {fileID: 0}
  - {fileID: 0}
  - {fileID: 0}
  - {fileID: 0}
  - {fileID: 0}
  - {fileID: 0}
  - {fileID: 0}
  - {fileID: 0}
  - {fileID: 0}
  - {fileID: 0}
  - {fileID: 0}
  - {fileID: 0}
  - {fileID: 0}
  - {fileID: 0}
  - {fileID: 0}
  - {fileID: 0}
  - {fileID: 0}
  - {fileID: 0}
  - {fileID: 0}
  - {fileID: 0}
  - {fileID: 0}
  - {fileID: 0}
  - {fileID: 0}
  - {fileID: 0}
  - {fileID: 0}
  - {fileID: 0}
  - {fileID: 0}
  - {fileID: 0}
  - {fileID: 0}
  - {fileID: 0}
  - {fileID: 0}
  - {fileID: 0}
  - {fileID: 0}
  - {fileID: 0}
  - {fileID: 0}
  - {fileID: 0}
  retargetingType: 0
--- !u!114 &148109398801984414
MonoBehaviour:
  m_ObjectHideFlags: 0
  m_CorrespondingSourceObject: {fileID: 0}
  m_PrefabInstance: {fileID: 0}
  m_PrefabAsset: {fileID: 0}
  m_GameObject: {fileID: 2151562329051111965}
  m_Enabled: 1
  m_EditorHideFlags: 0
  m_Script: {fileID: 11500000, guid: 07aa3d453252644da8171c2e8636bae2, type: 3}
  m_Name: 
  m_EditorClassIdentifier: 
  canGrab: 1
  targetVRPlayer: {fileID: 1663974831451187916}
  m_controller: 2
  m_hand: 64
  currentHandState: 0
  indexValue: 0
  grabValue: 0
  thumbValue: 0
  animatorComp: {fileID: 6076438117754776434}
  noTrackingIdlePosition: {fileID: 3612558680409675227}
  indexFingerCollider: {fileID: 8745943906812079705}
  handCenterPoint: {fileID: 340883345421528091}
  interactionPoint: {fileID: 0}
  doClosestHoverObjectActions: 0
  startGrabEvents:
    m_PersistentCalls:
      m_Calls: []
  onGrabEvents:
    m_PersistentCalls:
      m_Calls: []
  endGrabEvents:
    m_PersistentCalls:
      m_Calls: []
  handSkeleton: {fileID: 1667994197243812943}
  fingers:
  - bone0: {fileID: 6195285159777957292}
    bone1: {fileID: 1290943458820229516}
    bone2: {fileID: 7208258019954452522}
    aAngleValue: 710
    bAngleValue: 910
    aReMapAngleValue: 575
    bReMapAngleValue: 1065
    lerpValue: 0.4
  - bone0: {fileID: 6562272529050294421}
    bone1: {fileID: 7761331178194866482}
    bone2: {fileID: 3781680644758467978}
    aAngleValue: 710
    bAngleValue: 910
    aReMapAngleValue: 575
    bReMapAngleValue: 1065
    lerpValue: 0.4
  - bone0: {fileID: 3752059566565324306}
    bone1: {fileID: 1461441755535852481}
    bone2: {fileID: 294576908538561311}
    aAngleValue: 710
    bAngleValue: 910
    aReMapAngleValue: 575
    bReMapAngleValue: 1065
    lerpValue: 0.4
  - bone0: {fileID: 1372947360903481322}
    bone1: {fileID: 2267602493769568338}
    bone2: {fileID: 2040561291498066690}
    aAngleValue: 710
    bAngleValue: 910
    aReMapAngleValue: 575
    bReMapAngleValue: 1065
    lerpValue: 0.4
  - bone0: {fileID: 4955771103801706980}
    bone1: {fileID: 2396014683715546744}
    bone2: {fileID: 6063898550399961532}
    aAngleValue: 710
    bAngleValue: 910
    aReMapAngleValue: 560
    bReMapAngleValue: 1235
    lerpValue: 0.4
  fingerTrackingSyncInterval: 0.1
  ikOffsetObject: {fileID: 1850832375329095076}
  offsetControllerPosition: {x: 0.03, y: -0.03, z: -0.12}
  offsetControllerRotation: {x: 90, y: -180, z: -90}
  offsetHandPosition: {x: 0, y: 0, z: 0}
  offsetHandRotation: {x: 0, y: 0, z: 180}
  canFingerGrab: 0
  thumbFingerTrigger: {fileID: 1780076104204884586}
  otherFingersGrabTriggers:
  - {fileID: 3940179406493237675}
  - {fileID: 1943584642127999527}
  - {fileID: 4962199381650377814}
  - {fileID: 8752817534797707058}
  velocityMultiplier: 2
  fingerColliders:
  - {fileID: 6902851993080384806}
  - {fileID: 5980494923273966618}
  - {fileID: 5898366950362760685}
  - {fileID: 6851972334463728994}
  - {fileID: 9036883593504236382}
  - {fileID: 1258903848605262209}
  - {fileID: 4757707903421178114}
  - {fileID: 7528903034070867885}
  - {fileID: 6922737580382246026}
  - {fileID: 5484613761154905841}
  - {fileID: 328438056253443807}
  - {fileID: 7445961602675716114}
  - {fileID: 3051500810659098848}
  - {fileID: 781187639781424065}
  - {fileID: 3496029897612145878}
  - {fileID: 2615444714071768734}
  mesh: {fileID: 10202, guid: 0000000000000000e000000000000000, type: 3}
--- !u!1 &2369707807387845355
GameObject:
  m_ObjectHideFlags: 0
  m_CorrespondingSourceObject: {fileID: 0}
  m_PrefabInstance: {fileID: 0}
  m_PrefabAsset: {fileID: 0}
  serializedVersion: 6
  m_Component:
  - component: {fileID: 8167597933806312927}
  - component: {fileID: 8910662168325173647}
  - component: {fileID: 679969959804938554}
  - component: {fileID: 5775488825084596624}
  - component: {fileID: 1673537987912019716}
  m_Layer: 8
  m_Name: LeftHand
  m_TagString: Untagged
  m_Icon: {fileID: 0}
  m_NavMeshLayer: 0
  m_StaticEditorFlags: 0
  m_IsActive: 1
--- !u!4 &8167597933806312927
Transform:
  m_ObjectHideFlags: 0
  m_CorrespondingSourceObject: {fileID: 0}
  m_PrefabInstance: {fileID: 0}
  m_PrefabAsset: {fileID: 0}
  m_GameObject: {fileID: 2369707807387845355}
  m_LocalRotation: {x: -0, y: -0, z: -0, w: 1}
  m_LocalPosition: {x: 0, y: 0, z: 0}
  m_LocalScale: {x: 1, y: 1, z: 1}
  m_ConstrainProportionsScale: 0
  m_Children:
  - {fileID: 3838318666238629112}
  m_Father: {fileID: 8816710949873906786}
  m_RootOrder: 1
  m_LocalEulerAnglesHint: {x: 0, y: 0, z: 0}
--- !u!54 &8910662168325173647
Rigidbody:
  m_ObjectHideFlags: 0
  m_CorrespondingSourceObject: {fileID: 0}
  m_PrefabInstance: {fileID: 0}
  m_PrefabAsset: {fileID: 0}
  m_GameObject: {fileID: 2369707807387845355}
  serializedVersion: 2
  m_Mass: 1
  m_Drag: 0
  m_AngularDrag: 0.05
  m_UseGravity: 0
  m_IsKinematic: 1
  m_Interpolate: 0
  m_Constraints: 0
  m_CollisionDetection: 0
--- !u!114 &679969959804938554
MonoBehaviour:
  m_ObjectHideFlags: 0
  m_CorrespondingSourceObject: {fileID: 0}
  m_PrefabInstance: {fileID: 0}
  m_PrefabAsset: {fileID: 0}
  m_GameObject: {fileID: 2369707807387845355}
  m_Enabled: 1
  m_EditorHideFlags: 0
  m_Script: {fileID: 11500000, guid: cb7623a8f0b49cf4dbaa40aea4d4be64, type: 3}
  m_Name: 
  m_EditorClassIdentifier: 
  HandType: 0
  _pointerPoseRoot: {fileID: 0}
--- !u!114 &5775488825084596624
MonoBehaviour:
  m_ObjectHideFlags: 0
  m_CorrespondingSourceObject: {fileID: 0}
  m_PrefabInstance: {fileID: 0}
  m_PrefabAsset: {fileID: 0}
  m_GameObject: {fileID: 2369707807387845355}
  m_Enabled: 1
  m_EditorHideFlags: 0
  m_Script: {fileID: 11500000, guid: 674a40251fe8ad841b18517ac5209957, type: 3}
  m_Name: 
  m_EditorClassIdentifier: 
  _skeletonType: 0
  _updateRootPose: 0
  _updateRootScale: 0
  _enablePhysicsCapsules: 0
  _applyBoneTranslations: 0
  _customBones_V2:
  - {fileID: 1664168633568462494}
  - {fileID: 8854337347718626023}
  - {fileID: 8325014734520500835}
  - {fileID: 5914149595970552182}
  - {fileID: 8327110801040364261}
  - {fileID: 5206687387625150260}
  - {fileID: 8165370467973954523}
  - {fileID: 9105605120528014618}
  - {fileID: 6159030201574199258}
  - {fileID: 6088686993302563854}
  - {fileID: 4669644619652899701}
  - {fileID: 6569950801035111518}
  - {fileID: 557301240811317974}
  - {fileID: 7753728192518492158}
  - {fileID: 8094514072012727702}
  - {fileID: 8556398602488865048}
  - {fileID: 6104147216666016918}
  - {fileID: 4740257054651616954}
  - {fileID: 1528551442982833414}
  - {fileID: 8212849744323312028}
  - {fileID: 8914530310333426385}
  - {fileID: 3940234602417355421}
  - {fileID: 224057829045578556}
  - {fileID: 355790618989334079}
  - {fileID: 0}
  - {fileID: 0}
  - {fileID: 0}
  - {fileID: 0}
  - {fileID: 0}
  - {fileID: 0}
  - {fileID: 0}
  - {fileID: 0}
  - {fileID: 0}
  - {fileID: 0}
  - {fileID: 0}
  - {fileID: 0}
  - {fileID: 0}
  - {fileID: 0}
  - {fileID: 0}
  - {fileID: 0}
  - {fileID: 0}
  - {fileID: 0}
  - {fileID: 0}
  - {fileID: 0}
  - {fileID: 0}
  - {fileID: 0}
  - {fileID: 0}
  - {fileID: 0}
  - {fileID: 0}
  - {fileID: 0}
  - {fileID: 0}
  - {fileID: 0}
  - {fileID: 0}
  - {fileID: 0}
  - {fileID: 0}
  - {fileID: 0}
  - {fileID: 0}
  - {fileID: 0}
  - {fileID: 0}
  - {fileID: 0}
  - {fileID: 0}
  - {fileID: 0}
  - {fileID: 0}
  - {fileID: 0}
  - {fileID: 0}
  - {fileID: 0}
  - {fileID: 0}
  - {fileID: 0}
  - {fileID: 0}
  - {fileID: 0}
  retargetingType: 0
--- !u!114 &1673537987912019716
MonoBehaviour:
  m_ObjectHideFlags: 0
  m_CorrespondingSourceObject: {fileID: 0}
  m_PrefabInstance: {fileID: 0}
  m_PrefabAsset: {fileID: 0}
  m_GameObject: {fileID: 2369707807387845355}
  m_Enabled: 1
  m_EditorHideFlags: 0
  m_Script: {fileID: 11500000, guid: 07aa3d453252644da8171c2e8636bae2, type: 3}
  m_Name: 
  m_EditorClassIdentifier: 
  canGrab: 1
  targetVRPlayer: {fileID: 1663974831451187916}
  m_controller: 1
  m_hand: 32
  currentHandState: 0
  indexValue: 0
  grabValue: 0
  thumbValue: 0
  animatorComp: {fileID: 6076438117754776434}
  noTrackingIdlePosition: {fileID: 6788988675411458355}
  indexFingerCollider: {fileID: 4256636526551049700}
  handCenterPoint: {fileID: 198605295017194547}
  interactionPoint: {fileID: 0}
  doClosestHoverObjectActions: 0
  startGrabEvents:
    m_PersistentCalls:
      m_Calls: []
  onGrabEvents:
    m_PersistentCalls:
      m_Calls: []
  endGrabEvents:
    m_PersistentCalls:
      m_Calls: []
  handSkeleton: {fileID: 5775488825084596624}
  fingers:
  - bone0: {fileID: 8165370467973954523}
    bone1: {fileID: 9105605120528014618}
    bone2: {fileID: 6159030201574199258}
    aAngleValue: 720
    bAngleValue: 530
    aReMapAngleValue: 820
    bReMapAngleValue: 380
    lerpValue: 0.4
  - bone0: {fileID: 6088686993302563854}
    bone1: {fileID: 4669644619652899701}
    bone2: {fileID: 6569950801035111518}
    aAngleValue: 720
    bAngleValue: 530
    aReMapAngleValue: 820
    bReMapAngleValue: 380
    lerpValue: 0.4
  - bone0: {fileID: 557301240811317974}
    bone1: {fileID: 7753728192518492158}
    bone2: {fileID: 8094514072012727702}
    aAngleValue: 720
    bAngleValue: 530
    aReMapAngleValue: 820
    bReMapAngleValue: 380
    lerpValue: 0.4
  - bone0: {fileID: 6104147216666016918}
    bone1: {fileID: 4740257054651616954}
    bone2: {fileID: 1528551442982833414}
    aAngleValue: 720
    bAngleValue: 530
    aReMapAngleValue: 820
    bReMapAngleValue: 380
    lerpValue: 0.4
  - bone0: {fileID: 5914149595970552182}
    bone1: {fileID: 8327110801040364261}
    bone2: {fileID: 5206687387625150260}
    aAngleValue: 720
    bAngleValue: 530
    aReMapAngleValue: 890
    bReMapAngleValue: 180
    lerpValue: 0.4
  fingerTrackingSyncInterval: 0.1
  ikOffsetObject: {fileID: 3838318666238629112}
  offsetControllerPosition: {x: -0.03, y: -0.03, z: -0.12}
  offsetControllerRotation: {x: 90, y: 90, z: 0}
  offsetHandPosition: {x: 0, y: 0, z: 0}
  offsetHandRotation: {x: 0, y: 180, z: 0}
  canFingerGrab: 1
  thumbFingerTrigger: {fileID: 5693891676808878640}
  otherFingersGrabTriggers:
  - {fileID: 5646594760545524254}
  - {fileID: 3053849730859930729}
  - {fileID: 1665031091269763741}
  - {fileID: 3926819213174621325}
  velocityMultiplier: 2
  fingerColliders:
  - {fileID: 8734478681826278990}
  - {fileID: 2761766310965035442}
  - {fileID: 3493623384984817696}
  - {fileID: 8673218677688470141}
  - {fileID: 548253881361370834}
  - {fileID: 3768415883660145180}
  - {fileID: 3955904622496050039}
  - {fileID: 1664616847256389502}
  - {fileID: 5283414837031241984}
  - {fileID: 1764041029499621831}
  - {fileID: 4792510504463496465}
  - {fileID: 4820552342655356908}
  - {fileID: 1975731001439053135}
  - {fileID: 6630803132475690805}
  - {fileID: 1780191916432552135}
  - {fileID: 36609754557081908}
  mesh: {fileID: 10202, guid: 0000000000000000e000000000000000, type: 3}
--- !u!1 &3969183384575744864
GameObject:
  m_ObjectHideFlags: 0
  m_CorrespondingSourceObject: {fileID: 0}
  m_PrefabInstance: {fileID: 0}
  m_PrefabAsset: {fileID: 0}
  serializedVersion: 6
  m_Component:
  - component: {fileID: 340883345421528091}
  m_Layer: 8
  m_Name: RHandCenter
  m_TagString: Untagged
  m_Icon: {fileID: 0}
  m_NavMeshLayer: 0
  m_StaticEditorFlags: 0
  m_IsActive: 1
--- !u!4 &340883345421528091
Transform:
  m_ObjectHideFlags: 0
  m_CorrespondingSourceObject: {fileID: 0}
  m_PrefabInstance: {fileID: 0}
  m_PrefabAsset: {fileID: 0}
  m_GameObject: {fileID: 3969183384575744864}
  m_LocalRotation: {x: 0, y: 0, z: 0, w: 1}
  m_LocalPosition: {x: 0.09, y: 0.02, z: 0}
  m_LocalScale: {x: 1, y: 1, z: 1}
  m_ConstrainProportionsScale: 0
  m_Children: []
  m_Father: {fileID: 1850832375329095076}
  m_RootOrder: 0
  m_LocalEulerAnglesHint: {x: 0, y: 0, z: 0}
--- !u!1 &4080638924304949756
GameObject:
  m_ObjectHideFlags: 0
  m_CorrespondingSourceObject: {fileID: 0}
  m_PrefabInstance: {fileID: 0}
  m_PrefabAsset: {fileID: 0}
  serializedVersion: 6
  m_Component:
  - component: {fileID: 2575689102475183750}
  - component: {fileID: 5712117817873695617}
  - component: {fileID: 1497186596068142952}
  - component: {fileID: 3680631825658398588}
  m_Layer: 10
  m_Name: Audio
  m_TagString: Untagged
  m_Icon: {fileID: 0}
  m_NavMeshLayer: 0
  m_StaticEditorFlags: 0
  m_IsActive: 1
--- !u!4 &2575689102475183750
Transform:
  m_ObjectHideFlags: 0
  m_CorrespondingSourceObject: {fileID: 0}
  m_PrefabInstance: {fileID: 0}
  m_PrefabAsset: {fileID: 0}
  m_GameObject: {fileID: 4080638924304949756}
  m_LocalRotation: {x: 0, y: 0, z: 0, w: 1}
  m_LocalPosition: {x: 0, y: 0, z: 0}
  m_LocalScale: {x: 1, y: 1, z: 1}
  m_ConstrainProportionsScale: 0
  m_Children: []
  m_Father: {fileID: 5269864955848289562}
  m_RootOrder: 2
  m_LocalEulerAnglesHint: {x: 0, y: 0, z: 0}
--- !u!114 &5712117817873695617
MonoBehaviour:
  m_ObjectHideFlags: 0
  m_CorrespondingSourceObject: {fileID: 0}
  m_PrefabInstance: {fileID: 0}
  m_PrefabAsset: {fileID: 0}
  m_GameObject: {fileID: 4080638924304949756}
  m_Enabled: 1
  m_EditorHideFlags: 0
  m_Script: {fileID: 11500000, guid: 9a6610d2e704f1648819acc8d7460285, type: 3}
  m_Name: 
  m_EditorClassIdentifier: 
  CollisionTag: 
  EventReference:
    Guid:
      Data1: -1637881447
      Data2: 1325360407
      Data3: 1661412995
      Data4: -1667903363
    Path: event:/PlayerAudio
  Event: 
  PlayEvent: 0
  StopEvent: 0
  AllowFadeout: 1
  TriggerOnce: 0
  Preload: 1
  Params: []
  OverrideAttenuation: 0
  OverrideMinDistance: 1
  OverrideMaxDistance: 20
--- !u!114 &1497186596068142952
MonoBehaviour:
  m_ObjectHideFlags: 0
  m_CorrespondingSourceObject: {fileID: 0}
  m_PrefabInstance: {fileID: 0}
  m_PrefabAsset: {fileID: 0}
  m_GameObject: {fileID: 4080638924304949756}
  m_Enabled: 1
  m_EditorHideFlags: 0
  m_Script: {fileID: 11500000, guid: 508dfe9d396ae5746b97bdba33865ca0, type: 3}
  m_Name: 
  m_EditorClassIdentifier: 
  distancesToPlayers: []
  cameraTransform: {fileID: 5269864955848289562}
  ownIdentity: {fileID: 939119977694987768}
  VRPlayerManager: {fileID: 1663974831451187916}
--- !u!114 &3680631825658398588
MonoBehaviour:
  m_ObjectHideFlags: 0
  m_CorrespondingSourceObject: {fileID: 0}
  m_PrefabInstance: {fileID: 0}
  m_PrefabAsset: {fileID: 0}
  m_GameObject: {fileID: 4080638924304949756}
  m_Enabled: 1
  m_EditorHideFlags: 0
  m_Script: {fileID: 11500000, guid: 59c3684b22f00604a97bb68037fcf4cd, type: 3}
  m_Name: 
  m_EditorClassIdentifier: 
  directBinaural: 1
  interpolation: 0
  perspectiveCorrection: 0
  distanceAttenuation: 0
  distanceAttenuationInput: 0
  distanceAttenuationValue: 1
  airAbsorption: 0
  airAbsorptionInput: 0
  airAbsorptionLow: 1
  airAbsorptionMid: 1
  airAbsorptionHigh: 1
  directivity: 0
  directivityInput: 0
  dipoleWeight: 0
  dipolePower: 0
  directivityValue: 1
  occlusion: 0
  occlusionInput: 0
  occlusionType: 0
  occlusionRadius: 1
  occlusionSamples: 16
  occlusionValue: 1
  transmission: 0
  transmissionType: 0
  transmissionInput: 0
  transmissionLow: 1
  transmissionMid: 1
  transmissionHigh: 1
  directMixLevel: 1
  reflections: 1
  reflectionsType: 0
  useDistanceCurveForReflections: 0
  currentBakedSource: {fileID: 0}
  reverbTimeLow: 0
  reverbTimeMid: 0
  reverbTimeHigh: 0
  hybridReverbEQLow: 1
  hybridReverbEQMid: 1
  hybridReverbEQHigh: 1
  hybridReverbDelay: 0
  applyHRTFToReflections: 0
  reflectionsMixLevel: 1
  pathing: 0
  pathingProbeBatch: {fileID: 0}
  pathValidation: 1
  findAlternatePaths: 1
  pathingEQ:
  - 1
  - 1
  - 1
  pathingSH:
  - 0
  - 0
  - 0
  - 0
  - 0
  - 0
  - 0
  - 0
  - 0
  - 0
  - 0
  - 0
  - 0
  - 0
  - 0
  - 0
  applyHRTFToPathing: 0
  pathingMixLevel: 1
--- !u!1 &5299611565001646400
GameObject:
  m_ObjectHideFlags: 0
  m_CorrespondingSourceObject: {fileID: 0}
  m_PrefabInstance: {fileID: 0}
  m_PrefabAsset: {fileID: 0}
  serializedVersion: 6
  m_Component:
  - component: {fileID: 7719580329526908885}
  - component: {fileID: 8479114812685418923}
  - component: {fileID: 1419953902518233297}
  - component: {fileID: 3554941518183165274}
  m_Layer: 0
  m_Name: CenterCourser
  m_TagString: Untagged
  m_Icon: {fileID: 0}
  m_NavMeshLayer: 0
  m_StaticEditorFlags: 0
  m_IsActive: 1
--- !u!4 &7719580329526908885
Transform:
  m_ObjectHideFlags: 0
  m_CorrespondingSourceObject: {fileID: 0}
  m_PrefabInstance: {fileID: 0}
  m_PrefabAsset: {fileID: 0}
  m_GameObject: {fileID: 5299611565001646400}
  m_LocalRotation: {x: 0, y: 0, z: 0, w: 1}
  m_LocalPosition: {x: 0, y: 0, z: 0}
  m_LocalScale: {x: 1, y: 1, z: 1}
  m_ConstrainProportionsScale: 0
  m_Children: []
  m_Father: {fileID: 8816710949873906786}
  m_RootOrder: 0
  m_LocalEulerAnglesHint: {x: 0, y: 0, z: 0}
--- !u!33 &8479114812685418923
MeshFilter:
  m_ObjectHideFlags: 0
  m_CorrespondingSourceObject: {fileID: 0}
  m_PrefabInstance: {fileID: 0}
  m_PrefabAsset: {fileID: 0}
  m_GameObject: {fileID: 5299611565001646400}
  m_Mesh: {fileID: -483479698691233639, guid: 8d8b65d8718b0438e8cd52ce66534af4, type: 3}
--- !u!23 &1419953902518233297
MeshRenderer:
  m_ObjectHideFlags: 0
  m_CorrespondingSourceObject: {fileID: 0}
  m_PrefabInstance: {fileID: 0}
  m_PrefabAsset: {fileID: 0}
  m_GameObject: {fileID: 5299611565001646400}
  m_Enabled: 1
  m_CastShadows: 1
  m_ReceiveShadows: 1
  m_DynamicOccludee: 1
  m_StaticShadowCaster: 0
  m_MotionVectors: 1
  m_LightProbeUsage: 1
  m_ReflectionProbeUsage: 1
  m_RayTracingMode: 2
  m_RayTraceProcedural: 0
  m_RenderingLayerMask: 1
  m_RendererPriority: 0
  m_Materials:
  - {fileID: 2100000, guid: cdcc88661ff6643ba9a7cf4aa5868198, type: 2}
  - {fileID: 2100000, guid: cdcc88661ff6643ba9a7cf4aa5868198, type: 2}
  - {fileID: 2100000, guid: cdcc88661ff6643ba9a7cf4aa5868198, type: 2}
  - {fileID: 2100000, guid: cdcc88661ff6643ba9a7cf4aa5868198, type: 2}
  m_StaticBatchInfo:
    firstSubMesh: 0
    subMeshCount: 0
  m_StaticBatchRoot: {fileID: 0}
  m_ProbeAnchor: {fileID: 0}
  m_LightProbeVolumeOverride: {fileID: 0}
  m_ScaleInLightmap: 1
  m_ReceiveGI: 1
  m_PreserveUVs: 0
  m_IgnoreNormalsForChartDetection: 0
  m_ImportantGI: 0
  m_StitchLightmapSeams: 1
  m_SelectedEditorRenderState: 3
  m_MinimumChartSize: 4
  m_AutoUVMaxDistance: 0.5
  m_AutoUVMaxAngle: 89
  m_LightmapParameters: {fileID: 0}
  m_SortingLayerID: 0
  m_SortingLayer: 0
  m_SortingOrder: 0
  m_AdditionalVertexStreams: {fileID: 0}
--- !u!114 &3554941518183165274
MonoBehaviour:
  m_ObjectHideFlags: 0
  m_CorrespondingSourceObject: {fileID: 0}
  m_PrefabInstance: {fileID: 0}
  m_PrefabAsset: {fileID: 0}
  m_GameObject: {fileID: 5299611565001646400}
  m_Enabled: 1
  m_EditorHideFlags: 0
  m_Script: {fileID: 11500000, guid: 40867ebae475a47de94a39bb9ee240f0, type: 3}
  m_Name: 
  m_EditorClassIdentifier: 
--- !u!1 &5612198508833483441
GameObject:
  m_ObjectHideFlags: 0
  m_CorrespondingSourceObject: {fileID: 0}
  m_PrefabInstance: {fileID: 0}
  m_PrefabAsset: {fileID: 0}
  serializedVersion: 6
  m_Component:
  - component: {fileID: 5269864955848289562}
  - component: {fileID: 8818238655742917129}
  - component: {fileID: 987225856260413562}
  - component: {fileID: 3537596821233641719}
  - component: {fileID: 6392244150562659929}
  m_Layer: 10
  m_Name: Camera
  m_TagString: MainCamera
  m_Icon: {fileID: 0}
  m_NavMeshLayer: 0
  m_StaticEditorFlags: 0
  m_IsActive: 1
--- !u!4 &5269864955848289562
Transform:
  m_ObjectHideFlags: 0
  m_CorrespondingSourceObject: {fileID: 0}
  m_PrefabInstance: {fileID: 0}
  m_PrefabAsset: {fileID: 0}
  m_GameObject: {fileID: 5612198508833483441}
  m_LocalRotation: {x: -0, y: -0, z: -0, w: 1}
  m_LocalPosition: {x: 0.24, y: 1, z: 0}
  m_LocalScale: {x: 1, y: 1, z: 1}
  m_ConstrainProportionsScale: 0
  m_Children:
  - {fileID: 6046395758315125696}
  - {fileID: 7134241148002407095}
  - {fileID: 2575689102475183750}
  m_Father: {fileID: 8816710949873906786}
  m_RootOrder: 3
  m_LocalEulerAnglesHint: {x: 0, y: 0, z: 0}
--- !u!20 &8818238655742917129
Camera:
  m_ObjectHideFlags: 0
  m_CorrespondingSourceObject: {fileID: 0}
  m_PrefabInstance: {fileID: 0}
  m_PrefabAsset: {fileID: 0}
  m_GameObject: {fileID: 5612198508833483441}
  m_Enabled: 1
  serializedVersion: 2
  m_ClearFlags: 1
  m_BackGroundColor: {r: 0, g: 0, b: 0, a: 0}
  m_projectionMatrixMode: 1
  m_GateFitMode: 2
  m_FOVAxisMode: 0
  m_SensorSize: {x: 36, y: 24}
  m_LensShift: {x: 0, y: 0}
  m_FocalLength: 50
  m_NormalizedViewPortRect:
    serializedVersion: 2
    x: 0
    y: 0
    width: 1
    height: 1
  near clip plane: 0.06
  far clip plane: 1000
  field of view: 60
  orthographic: 0
  orthographic size: 5
  m_Depth: 0
  m_CullingMask:
    serializedVersion: 2
    m_Bits: 4294967295
  m_RenderingPath: -1
  m_TargetTexture: {fileID: 0}
  m_TargetDisplay: 0
  m_TargetEye: 3
  m_HDR: 1
  m_AllowMSAA: 1
  m_AllowDynamicResolution: 0
  m_ForceIntoRT: 0
  m_OcclusionCulling: 1
  m_StereoConvergence: 10
  m_StereoSeparation: 0.022
--- !u!135 &987225856260413562
SphereCollider:
  m_ObjectHideFlags: 0
  m_CorrespondingSourceObject: {fileID: 0}
  m_PrefabInstance: {fileID: 0}
  m_PrefabAsset: {fileID: 0}
  m_GameObject: {fileID: 5612198508833483441}
  m_Material: {fileID: 0}
  m_IsTrigger: 0
  m_Enabled: 1
  serializedVersion: 2
  m_Radius: 0.3
  m_Center: {x: 0, y: -0.3, z: 0}
--- !u!114 &3537596821233641719
MonoBehaviour:
  m_ObjectHideFlags: 0
  m_CorrespondingSourceObject: {fileID: 0}
  m_PrefabInstance: {fileID: 0}
  m_PrefabAsset: {fileID: 0}
  m_GameObject: {fileID: 5612198508833483441}
  m_Enabled: 1
  m_EditorHideFlags: 0
  m_Script: {fileID: 11500000, guid: 86c6556701af9e04380698b89f691b6e, type: 3}
  m_Name: 
  m_EditorClassIdentifier: 
  attenuationObject: {fileID: 0}
--- !u!114 &6392244150562659929
MonoBehaviour:
  m_ObjectHideFlags: 0
  m_CorrespondingSourceObject: {fileID: 0}
  m_PrefabInstance: {fileID: 0}
  m_PrefabAsset: {fileID: 0}
  m_GameObject: {fileID: 5612198508833483441}
  m_Enabled: 1
  m_EditorHideFlags: 0
  m_Script: {fileID: 11500000, guid: 6fd9ebf1401392e4bbd47fea32f47642, type: 3}
  m_Name: 
  m_EditorClassIdentifier: 
  currentBakedListener: {fileID: 0}
  applyReverb: 1
  reverbType: 0
  useAllProbeBatches: 0
  probeBatches: []
  mTotalDataSize: 0
  mProbeDataSizes: 
  mIdentifier:
    type: 0
    variation: 0
    endpointInfluence:
      center:
        x: 0
        y: 0
        z: 0
      radius: 0
  mProbeBatchesUsed: []
--- !u!1 &5736334126711130008
GameObject:
  m_ObjectHideFlags: 0
  m_CorrespondingSourceObject: {fileID: 0}
  m_PrefabInstance: {fileID: 0}
  m_PrefabAsset: {fileID: 0}
  serializedVersion: 6
  m_Component:
  - component: {fileID: 198605295017194547}
  m_Layer: 8
  m_Name: LHandCenter
  m_TagString: Untagged
  m_Icon: {fileID: 0}
  m_NavMeshLayer: 0
  m_StaticEditorFlags: 0
  m_IsActive: 1
--- !u!4 &198605295017194547
Transform:
  m_ObjectHideFlags: 0
  m_CorrespondingSourceObject: {fileID: 0}
  m_PrefabInstance: {fileID: 0}
  m_PrefabAsset: {fileID: 0}
  m_GameObject: {fileID: 5736334126711130008}
  m_LocalRotation: {x: 0, y: 0, z: 0, w: 1}
  m_LocalPosition: {x: -0.09, y: 0.02, z: 0}
  m_LocalScale: {x: 1, y: 1, z: 1}
  m_ConstrainProportionsScale: 0
  m_Children: []
  m_Father: {fileID: 3838318666238629112}
  m_RootOrder: 0
  m_LocalEulerAnglesHint: {x: 0, y: 0, z: 0}
--- !u!1 &6350564673773774391
GameObject:
  m_ObjectHideFlags: 0
  m_CorrespondingSourceObject: {fileID: 0}
  m_PrefabInstance: {fileID: 0}
  m_PrefabAsset: {fileID: 0}
  serializedVersion: 6
  m_Component:
  - component: {fileID: 1850832375329095076}
  - component: {fileID: 8295931198093191691}
  m_Layer: 8
  m_Name: ROffset
  m_TagString: Hand
  m_Icon: {fileID: 0}
  m_NavMeshLayer: 0
  m_StaticEditorFlags: 0
  m_IsActive: 1
--- !u!4 &1850832375329095076
Transform:
  m_ObjectHideFlags: 0
  m_CorrespondingSourceObject: {fileID: 0}
  m_PrefabInstance: {fileID: 0}
  m_PrefabAsset: {fileID: 0}
  m_GameObject: {fileID: 6350564673773774391}
  m_LocalRotation: {x: 0.49999958, y: -0.5000004, z: 0.49999994, w: 0.50000006}
  m_LocalPosition: {x: 0.03, y: -0.03, z: -0.1}
  m_LocalScale: {x: 1, y: 1, z: 1}
  m_ConstrainProportionsScale: 0
  m_Children:
  - {fileID: 340883345421528091}
  m_Father: {fileID: 1997586268357682658}
  m_RootOrder: 0
  m_LocalEulerAnglesHint: {x: 90, y: -180, z: -90}
--- !u!135 &8295931198093191691
SphereCollider:
  m_ObjectHideFlags: 0
  m_CorrespondingSourceObject: {fileID: 0}
  m_PrefabInstance: {fileID: 0}
  m_PrefabAsset: {fileID: 0}
  m_GameObject: {fileID: 6350564673773774391}
  m_Material: {fileID: 0}
  m_IsTrigger: 1
  m_Enabled: 1
  serializedVersion: 2
  m_Radius: 0.07
  m_Center: {x: 0.09, y: 0.02, z: 0}
--- !u!1 &6625655792338118982
GameObject:
  m_ObjectHideFlags: 0
  m_CorrespondingSourceObject: {fileID: 0}
  m_PrefabInstance: {fileID: 0}
  m_PrefabAsset: {fileID: 0}
  serializedVersion: 6
  m_Component:
  - component: {fileID: 3838318666238629112}
  - component: {fileID: 2704928510261868435}
  m_Layer: 8
  m_Name: LOffset
  m_TagString: Hand
  m_Icon: {fileID: 0}
  m_NavMeshLayer: 0
  m_StaticEditorFlags: 0
  m_IsActive: 1
--- !u!4 &3838318666238629112
Transform:
  m_ObjectHideFlags: 0
  m_CorrespondingSourceObject: {fileID: 0}
  m_PrefabInstance: {fileID: 0}
  m_PrefabAsset: {fileID: 0}
  m_GameObject: {fileID: 6625655792338118982}
  m_LocalRotation: {x: -0.5, y: 0.50000006, z: 0.50000006, w: 0.5}
  m_LocalPosition: {x: -0.03, y: -0.03, z: -0.1}
  m_LocalScale: {x: 1, y: 1, z: 1}
  m_ConstrainProportionsScale: 0
  m_Children:
  - {fileID: 198605295017194547}
  m_Father: {fileID: 8167597933806312927}
  m_RootOrder: 0
  m_LocalEulerAnglesHint: {x: -90, y: 90.00001, z: 0}
--- !u!135 &2704928510261868435
SphereCollider:
  m_ObjectHideFlags: 0
  m_CorrespondingSourceObject: {fileID: 0}
  m_PrefabInstance: {fileID: 0}
  m_PrefabAsset: {fileID: 0}
  m_GameObject: {fileID: 6625655792338118982}
  m_Material: {fileID: 0}
  m_IsTrigger: 1
  m_Enabled: 1
  serializedVersion: 2
  m_Radius: 0.07
  m_Center: {x: -0.09, y: 0.02, z: 0}
--- !u!1 &6758647617541071091
GameObject:
  m_ObjectHideFlags: 0
  m_CorrespondingSourceObject: {fileID: 0}
  m_PrefabInstance: {fileID: 0}
  m_PrefabAsset: {fileID: 0}
  serializedVersion: 6
  m_Component:
  - component: {fileID: 6046395758315125696}
  - component: {fileID: 3483171304060542937}
  - component: {fileID: 3839768000018425588}
  m_Layer: 0
  m_Name: DamageVigniette
  m_TagString: Untagged
  m_Icon: {fileID: 0}
  m_NavMeshLayer: 0
  m_StaticEditorFlags: 0
  m_IsActive: 0
--- !u!4 &6046395758315125696
Transform:
  m_ObjectHideFlags: 0
  m_CorrespondingSourceObject: {fileID: 0}
  m_PrefabInstance: {fileID: 0}
  m_PrefabAsset: {fileID: 0}
  m_GameObject: {fileID: 6758647617541071091}
  m_LocalRotation: {x: -0, y: -0, z: -0, w: 1}
  m_LocalPosition: {x: 0, y: 0, z: 0}
  m_LocalScale: {x: 1, y: 1, z: 1}
  m_ConstrainProportionsScale: 0
  m_Children: []
  m_Father: {fileID: 5269864955848289562}
  m_RootOrder: 0
  m_LocalEulerAnglesHint: {x: 0, y: 0, z: 0}
--- !u!33 &3483171304060542937
MeshFilter:
  m_ObjectHideFlags: 0
  m_CorrespondingSourceObject: {fileID: 0}
  m_PrefabInstance: {fileID: 0}
  m_PrefabAsset: {fileID: 0}
  m_GameObject: {fileID: 6758647617541071091}
  m_Mesh: {fileID: 5386153129218430907, guid: 0c539e367450e4b779c34412918ad32d, type: 3}
--- !u!23 &3839768000018425588
MeshRenderer:
  m_ObjectHideFlags: 0
  m_CorrespondingSourceObject: {fileID: 0}
  m_PrefabInstance: {fileID: 0}
  m_PrefabAsset: {fileID: 0}
  m_GameObject: {fileID: 6758647617541071091}
  m_Enabled: 1
  m_CastShadows: 1
  m_ReceiveShadows: 1
  m_DynamicOccludee: 1
  m_StaticShadowCaster: 0
  m_MotionVectors: 1
  m_LightProbeUsage: 1
  m_ReflectionProbeUsage: 1
  m_RayTracingMode: 2
  m_RayTraceProcedural: 0
  m_RenderingLayerMask: 1
  m_RendererPriority: 0
  m_Materials:
  - {fileID: 2100000, guid: 67ba3ea12ee7d498ab715311bdf5af1e, type: 2}
  m_StaticBatchInfo:
    firstSubMesh: 0
    subMeshCount: 0
  m_StaticBatchRoot: {fileID: 0}
  m_ProbeAnchor: {fileID: 0}
  m_LightProbeVolumeOverride: {fileID: 0}
  m_ScaleInLightmap: 1
  m_ReceiveGI: 1
  m_PreserveUVs: 0
  m_IgnoreNormalsForChartDetection: 0
  m_ImportantGI: 0
  m_StitchLightmapSeams: 1
  m_SelectedEditorRenderState: 3
  m_MinimumChartSize: 4
  m_AutoUVMaxDistance: 0.5
  m_AutoUVMaxAngle: 89
  m_LightmapParameters: {fileID: 0}
  m_SortingLayerID: 0
  m_SortingLayer: 0
  m_SortingOrder: 0
  m_AdditionalVertexStreams: {fileID: 0}
--- !u!1 &7758450204020245130
GameObject:
  m_ObjectHideFlags: 0
  m_CorrespondingSourceObject: {fileID: 0}
  m_PrefabInstance: {fileID: 0}
  m_PrefabAsset: {fileID: 0}
  serializedVersion: 6
  m_Component:
  - component: {fileID: 8816710949873906786}
  m_Layer: 0
  m_Name: HeadsetTrackingCenter
  m_TagString: Untagged
  m_Icon: {fileID: 0}
  m_NavMeshLayer: 0
  m_StaticEditorFlags: 0
  m_IsActive: 1
--- !u!4 &8816710949873906786
Transform:
  m_ObjectHideFlags: 0
  m_CorrespondingSourceObject: {fileID: 0}
  m_PrefabInstance: {fileID: 0}
  m_PrefabAsset: {fileID: 0}
  m_GameObject: {fileID: 7758450204020245130}
  m_LocalRotation: {x: -0, y: -0, z: -0, w: 1}
  m_LocalPosition: {x: 0, y: 0, z: 0}
  m_LocalScale: {x: 1, y: 1, z: 1}
  m_ConstrainProportionsScale: 0
  m_Children:
  - {fileID: 7719580329526908885}
  - {fileID: 8167597933806312927}
  - {fileID: 1997586268357682658}
  - {fileID: 5269864955848289562}
  m_Father: {fileID: 4788065400005362}
  m_RootOrder: 1
  m_LocalEulerAnglesHint: {x: 0, y: 0, z: 0}
--- !u!1001 &5256215870517707398
PrefabInstance:
  m_ObjectHideFlags: 0
  serializedVersion: 2
  m_Modification:
    m_TransformParent: {fileID: 4788065400005362}
    m_Modifications:
    - target: {fileID: 701435077271841839, guid: 2519b69730d1c484c952316c7b0fc9be, type: 3}
      propertyPath: m_IsActive
      value: 0
      objectReference: {fileID: 0}
    - target: {fileID: 961537911232131433, guid: 2519b69730d1c484c952316c7b0fc9be, type: 3}
      propertyPath: m_RootOrder
      value: 0
      objectReference: {fileID: 0}
    - target: {fileID: 961537911232131433, guid: 2519b69730d1c484c952316c7b0fc9be, type: 3}
      propertyPath: m_LocalPosition.x
      value: 0
      objectReference: {fileID: 0}
    - target: {fileID: 961537911232131433, guid: 2519b69730d1c484c952316c7b0fc9be, type: 3}
      propertyPath: m_LocalPosition.y
      value: 0
      objectReference: {fileID: 0}
    - target: {fileID: 961537911232131433, guid: 2519b69730d1c484c952316c7b0fc9be, type: 3}
      propertyPath: m_LocalPosition.z
      value: 0
      objectReference: {fileID: 0}
    - target: {fileID: 961537911232131433, guid: 2519b69730d1c484c952316c7b0fc9be, type: 3}
      propertyPath: m_LocalRotation.w
      value: 1
      objectReference: {fileID: 0}
    - target: {fileID: 961537911232131433, guid: 2519b69730d1c484c952316c7b0fc9be, type: 3}
      propertyPath: m_LocalRotation.x
      value: -0
      objectReference: {fileID: 0}
    - target: {fileID: 961537911232131433, guid: 2519b69730d1c484c952316c7b0fc9be, type: 3}
      propertyPath: m_LocalRotation.y
      value: -0
      objectReference: {fileID: 0}
    - target: {fileID: 961537911232131433, guid: 2519b69730d1c484c952316c7b0fc9be, type: 3}
      propertyPath: m_LocalRotation.z
      value: -0
      objectReference: {fileID: 0}
    - target: {fileID: 961537911232131433, guid: 2519b69730d1c484c952316c7b0fc9be, type: 3}
      propertyPath: m_LocalEulerAnglesHint.x
      value: 0
      objectReference: {fileID: 0}
    - target: {fileID: 961537911232131433, guid: 2519b69730d1c484c952316c7b0fc9be, type: 3}
      propertyPath: m_LocalEulerAnglesHint.y
      value: 0
      objectReference: {fileID: 0}
    - target: {fileID: 961537911232131433, guid: 2519b69730d1c484c952316c7b0fc9be, type: 3}
      propertyPath: m_LocalEulerAnglesHint.z
      value: 0
      objectReference: {fileID: 0}
    - target: {fileID: 3102803381288414539, guid: 2519b69730d1c484c952316c7b0fc9be, type: 3}
      propertyPath: m_Name
      value: IKISARobot
      objectReference: {fileID: 0}
    - target: {fileID: 3102803381288414539, guid: 2519b69730d1c484c952316c7b0fc9be, type: 3}
      propertyPath: m_IsActive
      value: 0
      objectReference: {fileID: 0}
    - target: {fileID: 4241303609632878247, guid: 2519b69730d1c484c952316c7b0fc9be, type: 3}
      propertyPath: m_Enabled
      value: 0
      objectReference: {fileID: 0}
    - target: {fileID: 4241303609632878247, guid: 2519b69730d1c484c952316c7b0fc9be, type: 3}
      propertyPath: targetPlayer
      value: 
      objectReference: {fileID: 1663974831451187916}
    - target: {fileID: 4241303609632878247, guid: 2519b69730d1c484c952316c7b0fc9be, type: 3}
      propertyPath: damageVigniette
      value: 
      objectReference: {fileID: 3839768000018425588}
    - target: {fileID: 6885156456901464957, guid: 2519b69730d1c484c952316c7b0fc9be, type: 3}
      propertyPath: cameraTransform
      value: 
      objectReference: {fileID: 5269864955848289562}
    - target: {fileID: 6885156456901464957, guid: 2519b69730d1c484c952316c7b0fc9be, type: 3}
      propertyPath: leftHand.target
      value: 
      objectReference: {fileID: 3838318666238629112}
    - target: {fileID: 6885156456901464957, guid: 2519b69730d1c484c952316c7b0fc9be, type: 3}
      propertyPath: rightHand.target
      value: 
      objectReference: {fileID: 1850832375329095076}
    m_RemovedComponents: []
  m_SourcePrefab: {fileID: 100100000, guid: 2519b69730d1c484c952316c7b0fc9be, type: 3}
--- !u!65 &36609754557081908 stripped
BoxCollider:
  m_CorrespondingSourceObject: {fileID: 5220732021471112114, guid: 2519b69730d1c484c952316c7b0fc9be, type: 3}
  m_PrefabInstance: {fileID: 5256215870517707398}
  m_PrefabAsset: {fileID: 0}
--- !u!1 &101163177393341584 stripped
GameObject:
  m_CorrespondingSourceObject: {fileID: 5302622578007590422, guid: 2519b69730d1c484c952316c7b0fc9be, type: 3}
  m_PrefabInstance: {fileID: 5256215870517707398}
  m_PrefabAsset: {fileID: 0}
--- !u!4 &224057829045578556 stripped
Transform:
  m_CorrespondingSourceObject: {fileID: 5471265606941714874, guid: 2519b69730d1c484c952316c7b0fc9be, type: 3}
  m_PrefabInstance: {fileID: 5256215870517707398}
  m_PrefabAsset: {fileID: 0}
--- !u!4 &294576908538561311 stripped
Transform:
  m_CorrespondingSourceObject: {fileID: 5541495033301287321, guid: 2519b69730d1c484c952316c7b0fc9be, type: 3}
  m_PrefabInstance: {fileID: 5256215870517707398}
  m_PrefabAsset: {fileID: 0}
--- !u!136 &328438056253443807 stripped
CapsuleCollider:
  m_CorrespondingSourceObject: {fileID: 5512138557915810905, guid: 2519b69730d1c484c952316c7b0fc9be, type: 3}
  m_PrefabInstance: {fileID: 5256215870517707398}
  m_PrefabAsset: {fileID: 0}
--- !u!4 &355790618989334079 stripped
Transform:
  m_CorrespondingSourceObject: {fileID: 5476889323942710457, guid: 2519b69730d1c484c952316c7b0fc9be, type: 3}
  m_PrefabInstance: {fileID: 5256215870517707398}
  m_PrefabAsset: {fileID: 0}
--- !u!136 &548253881361370834 stripped
CapsuleCollider:
  m_CorrespondingSourceObject: {fileID: 5722419795622399060, guid: 2519b69730d1c484c952316c7b0fc9be, type: 3}
  m_PrefabInstance: {fileID: 5256215870517707398}
  m_PrefabAsset: {fileID: 0}
--- !u!4 &557301240811317974 stripped
Transform:
  m_CorrespondingSourceObject: {fileID: 5713443926104074320, guid: 2519b69730d1c484c952316c7b0fc9be, type: 3}
  m_PrefabInstance: {fileID: 5256215870517707398}
  m_PrefabAsset: {fileID: 0}
--- !u!136 &781187639781424065 stripped
CapsuleCollider:
  m_CorrespondingSourceObject: {fileID: 4766640710426458439, guid: 2519b69730d1c484c952316c7b0fc9be, type: 3}
  m_PrefabInstance: {fileID: 5256215870517707398}
  m_PrefabAsset: {fileID: 0}
--- !u!4 &945648366182655782 stripped
Transform:
  m_CorrespondingSourceObject: {fileID: 5039046747314480544, guid: 2519b69730d1c484c952316c7b0fc9be, type: 3}
  m_PrefabInstance: {fileID: 5256215870517707398}
  m_PrefabAsset: {fileID: 0}
--- !u!136 &1258903848605262209 stripped
CapsuleCollider:
  m_CorrespondingSourceObject: {fileID: 6451778225936245511, guid: 2519b69730d1c484c952316c7b0fc9be, type: 3}
  m_PrefabInstance: {fileID: 5256215870517707398}
  m_PrefabAsset: {fileID: 0}
--- !u!4 &1290943458820229516 stripped
Transform:
  m_CorrespondingSourceObject: {fileID: 6420882099827542794, guid: 2519b69730d1c484c952316c7b0fc9be, type: 3}
  m_PrefabInstance: {fileID: 5256215870517707398}
  m_PrefabAsset: {fileID: 0}
--- !u!4 &1312544521988251630 stripped
Transform:
  m_CorrespondingSourceObject: {fileID: 6541140039760616808, guid: 2519b69730d1c484c952316c7b0fc9be, type: 3}
  m_PrefabInstance: {fileID: 5256215870517707398}
  m_PrefabAsset: {fileID: 0}
--- !u!4 &1372947360903481322 stripped
Transform:
  m_CorrespondingSourceObject: {fileID: 6628282865636132204, guid: 2519b69730d1c484c952316c7b0fc9be, type: 3}
  m_PrefabInstance: {fileID: 5256215870517707398}
  m_PrefabAsset: {fileID: 0}
--- !u!4 &1461441755535852481 stripped
Transform:
  m_CorrespondingSourceObject: {fileID: 6681584779291902279, guid: 2519b69730d1c484c952316c7b0fc9be, type: 3}
  m_PrefabInstance: {fileID: 5256215870517707398}
  m_PrefabAsset: {fileID: 0}
--- !u!4 &1528551442982833414 stripped
Transform:
  m_CorrespondingSourceObject: {fileID: 6757463275972956032, guid: 2519b69730d1c484c952316c7b0fc9be, type: 3}
  m_PrefabInstance: {fileID: 5256215870517707398}
  m_PrefabAsset: {fileID: 0}
--- !u!1 &1583536480881533141 stripped
GameObject:
  m_CorrespondingSourceObject: {fileID: 6703623946503873107, guid: 2519b69730d1c484c952316c7b0fc9be, type: 3}
  m_PrefabInstance: {fileID: 5256215870517707398}
  m_PrefabAsset: {fileID: 0}
--- !u!1 &1618978234414385925 stripped
GameObject:
  m_CorrespondingSourceObject: {fileID: 6811149474600143235, guid: 2519b69730d1c484c952316c7b0fc9be, type: 3}
  m_PrefabInstance: {fileID: 5256215870517707398}
  m_PrefabAsset: {fileID: 0}
--- !u!4 &1664168633568462494 stripped
Transform:
  m_CorrespondingSourceObject: {fileID: 6911201279348343832, guid: 2519b69730d1c484c952316c7b0fc9be, type: 3}
  m_PrefabInstance: {fileID: 5256215870517707398}
  m_PrefabAsset: {fileID: 0}
--- !u!136 &1664616847256389502 stripped
CapsuleCollider:
  m_CorrespondingSourceObject: {fileID: 6910839941071341048, guid: 2519b69730d1c484c952316c7b0fc9be, type: 3}
  m_PrefabInstance: {fileID: 5256215870517707398}
  m_PrefabAsset: {fileID: 0}
--- !u!114 &1665031091269763741 stripped
MonoBehaviour:
  m_CorrespondingSourceObject: {fileID: 6911535078655328283, guid: 2519b69730d1c484c952316c7b0fc9be, type: 3}
  m_PrefabInstance: {fileID: 5256215870517707398}
  m_PrefabAsset: {fileID: 0}
  m_GameObject: {fileID: 0}
  m_Enabled: 1
  m_EditorHideFlags: 0
  m_Script: {fileID: 11500000, guid: 042089d78477d4efa8800bafddde118f, type: 3}
  m_Name: 
  m_EditorClassIdentifier: 
--- !u!136 &1764041029499621831 stripped
CapsuleCollider:
  m_CorrespondingSourceObject: {fileID: 5803721017179280193, guid: 2519b69730d1c484c952316c7b0fc9be, type: 3}
  m_PrefabInstance: {fileID: 5256215870517707398}
  m_PrefabAsset: {fileID: 0}
--- !u!114 &1780076104204884586 stripped
MonoBehaviour:
  m_CorrespondingSourceObject: {fileID: 5784255474919643372, guid: 2519b69730d1c484c952316c7b0fc9be, type: 3}
  m_PrefabInstance: {fileID: 5256215870517707398}
  m_PrefabAsset: {fileID: 0}
  m_GameObject: {fileID: 0}
  m_Enabled: 1
  m_EditorHideFlags: 0
  m_Script: {fileID: 11500000, guid: 042089d78477d4efa8800bafddde118f, type: 3}
  m_Name: 
  m_EditorClassIdentifier: 
--- !u!136 &1780191916432552135 stripped
CapsuleCollider:
  m_CorrespondingSourceObject: {fileID: 5784125374476677697, guid: 2519b69730d1c484c952316c7b0fc9be, type: 3}
  m_PrefabInstance: {fileID: 5256215870517707398}
  m_PrefabAsset: {fileID: 0}
--- !u!114 &1943584642127999527 stripped
MonoBehaviour:
  m_CorrespondingSourceObject: {fileID: 5911303898006237345, guid: 2519b69730d1c484c952316c7b0fc9be, type: 3}
  m_PrefabInstance: {fileID: 5256215870517707398}
  m_PrefabAsset: {fileID: 0}
  m_GameObject: {fileID: 0}
  m_Enabled: 1
  m_EditorHideFlags: 0
  m_Script: {fileID: 11500000, guid: 042089d78477d4efa8800bafddde118f, type: 3}
  m_Name: 
  m_EditorClassIdentifier: 
--- !u!136 &1975731001439053135 stripped
CapsuleCollider:
  m_CorrespondingSourceObject: {fileID: 6024374414604953545, guid: 2519b69730d1c484c952316c7b0fc9be, type: 3}
  m_PrefabInstance: {fileID: 5256215870517707398}
  m_PrefabAsset: {fileID: 0}
--- !u!4 &2040561291498066690 stripped
Transform:
  m_CorrespondingSourceObject: {fileID: 6097966060002939268, guid: 2519b69730d1c484c952316c7b0fc9be, type: 3}
  m_PrefabInstance: {fileID: 5256215870517707398}
  m_PrefabAsset: {fileID: 0}
--- !u!4 &2267602493769568338 stripped
Transform:
  m_CorrespondingSourceObject: {fileID: 6307836672341332692, guid: 2519b69730d1c484c952316c7b0fc9be, type: 3}
  m_PrefabInstance: {fileID: 5256215870517707398}
  m_PrefabAsset: {fileID: 0}
--- !u!4 &2396014683715546744 stripped
Transform:
  m_CorrespondingSourceObject: {fileID: 7616025491740732670, guid: 2519b69730d1c484c952316c7b0fc9be, type: 3}
  m_PrefabInstance: {fileID: 5256215870517707398}
  m_PrefabAsset: {fileID: 0}
--- !u!136 &2615444714071768734 stripped
CapsuleCollider:
  m_CorrespondingSourceObject: {fileID: 7834637587973225496, guid: 2519b69730d1c484c952316c7b0fc9be, type: 3}
  m_PrefabInstance: {fileID: 5256215870517707398}
  m_PrefabAsset: {fileID: 0}
--- !u!136 &2761766310965035442 stripped
CapsuleCollider:
  m_CorrespondingSourceObject: {fileID: 7971960333424968500, guid: 2519b69730d1c484c952316c7b0fc9be, type: 3}
  m_PrefabInstance: {fileID: 5256215870517707398}
  m_PrefabAsset: {fileID: 0}
--- !u!136 &3051500810659098848 stripped
CapsuleCollider:
  m_CorrespondingSourceObject: {fileID: 7109160356087100006, guid: 2519b69730d1c484c952316c7b0fc9be, type: 3}
  m_PrefabInstance: {fileID: 5256215870517707398}
  m_PrefabAsset: {fileID: 0}
--- !u!114 &3053849730859930729 stripped
MonoBehaviour:
  m_CorrespondingSourceObject: {fileID: 7102352921402971887, guid: 2519b69730d1c484c952316c7b0fc9be, type: 3}
  m_PrefabInstance: {fileID: 5256215870517707398}
  m_PrefabAsset: {fileID: 0}
  m_GameObject: {fileID: 0}
  m_Enabled: 1
  m_EditorHideFlags: 0
  m_Script: {fileID: 11500000, guid: 042089d78477d4efa8800bafddde118f, type: 3}
  m_Name: 
  m_EditorClassIdentifier: 
--- !u!1 &3309601712845842559 stripped
GameObject:
  m_CorrespondingSourceObject: {fileID: 7286759623775349497, guid: 2519b69730d1c484c952316c7b0fc9be, type: 3}
  m_PrefabInstance: {fileID: 5256215870517707398}
  m_PrefabAsset: {fileID: 0}
--- !u!4 &3347904715350160866 stripped
Transform:
  m_CorrespondingSourceObject: {fileID: 7388139682069460836, guid: 2519b69730d1c484c952316c7b0fc9be, type: 3}
  m_PrefabInstance: {fileID: 5256215870517707398}
  m_PrefabAsset: {fileID: 0}
--- !u!136 &3493623384984817696 stripped
CapsuleCollider:
  m_CorrespondingSourceObject: {fileID: 8685758719255777958, guid: 2519b69730d1c484c952316c7b0fc9be, type: 3}
  m_PrefabInstance: {fileID: 5256215870517707398}
  m_PrefabAsset: {fileID: 0}
--- !u!136 &3496029897612145878 stripped
CapsuleCollider:
  m_CorrespondingSourceObject: {fileID: 8680038294755194448, guid: 2519b69730d1c484c952316c7b0fc9be, type: 3}
  m_PrefabInstance: {fileID: 5256215870517707398}
  m_PrefabAsset: {fileID: 0}
--- !u!4 &3612558680409675227 stripped
Transform:
  m_CorrespondingSourceObject: {fileID: 8850618381987485533, guid: 2519b69730d1c484c952316c7b0fc9be, type: 3}
  m_PrefabInstance: {fileID: 5256215870517707398}
  m_PrefabAsset: {fileID: 0}
--- !u!4 &3752059566565324306 stripped
Transform:
  m_CorrespondingSourceObject: {fileID: 8998238474314314900, guid: 2519b69730d1c484c952316c7b0fc9be, type: 3}
  m_PrefabInstance: {fileID: 5256215870517707398}
  m_PrefabAsset: {fileID: 0}
--- !u!136 &3768415883660145180 stripped
CapsuleCollider:
  m_CorrespondingSourceObject: {fileID: 8988567188117532826, guid: 2519b69730d1c484c952316c7b0fc9be, type: 3}
  m_PrefabInstance: {fileID: 5256215870517707398}
  m_PrefabAsset: {fileID: 0}
--- !u!4 &3781680644758467978 stripped
Transform:
  m_CorrespondingSourceObject: {fileID: 8974247985604392716, guid: 2519b69730d1c484c952316c7b0fc9be, type: 3}
  m_PrefabInstance: {fileID: 5256215870517707398}
  m_PrefabAsset: {fileID: 0}
--- !u!114 &3926819213174621325 stripped
MonoBehaviour:
  m_CorrespondingSourceObject: {fileID: 9119517909700920843, guid: 2519b69730d1c484c952316c7b0fc9be, type: 3}
  m_PrefabInstance: {fileID: 5256215870517707398}
  m_PrefabAsset: {fileID: 0}
  m_GameObject: {fileID: 0}
  m_Enabled: 1
  m_EditorHideFlags: 0
  m_Script: {fileID: 11500000, guid: 042089d78477d4efa8800bafddde118f, type: 3}
  m_Name: 
  m_EditorClassIdentifier: 
--- !u!114 &3940179406493237675 stripped
MonoBehaviour:
  m_CorrespondingSourceObject: {fileID: 9106137945339609901, guid: 2519b69730d1c484c952316c7b0fc9be, type: 3}
  m_PrefabInstance: {fileID: 5256215870517707398}
  m_PrefabAsset: {fileID: 0}
  m_GameObject: {fileID: 0}
  m_Enabled: 1
  m_EditorHideFlags: 0
  m_Script: {fileID: 11500000, guid: 042089d78477d4efa8800bafddde118f, type: 3}
  m_Name: 
  m_EditorClassIdentifier: 
--- !u!4 &3940234602417355421 stripped
Transform:
  m_CorrespondingSourceObject: {fileID: 9106087144139749403, guid: 2519b69730d1c484c952316c7b0fc9be, type: 3}
  m_PrefabInstance: {fileID: 5256215870517707398}
  m_PrefabAsset: {fileID: 0}
--- !u!136 &3955904622496050039 stripped
CapsuleCollider:
  m_CorrespondingSourceObject: {fileID: 9085983897909029361, guid: 2519b69730d1c484c952316c7b0fc9be, type: 3}
  m_PrefabInstance: {fileID: 5256215870517707398}
  m_PrefabAsset: {fileID: 0}
--- !u!1 &4256636526551049700 stripped
GameObject:
  m_CorrespondingSourceObject: {fileID: 8350597445343618914, guid: 2519b69730d1c484c952316c7b0fc9be, type: 3}
  m_PrefabInstance: {fileID: 5256215870517707398}
  m_PrefabAsset: {fileID: 0}
--- !u!4 &4381094313607377433 stripped
Transform:
  m_CorrespondingSourceObject: {fileID: 8375871139778900127, guid: 2519b69730d1c484c952316c7b0fc9be, type: 3}
  m_PrefabInstance: {fileID: 5256215870517707398}
  m_PrefabAsset: {fileID: 0}
--- !u!4 &4669644619652899701 stripped
Transform:
  m_CorrespondingSourceObject: {fileID: 593416828949307891, guid: 2519b69730d1c484c952316c7b0fc9be, type: 3}
  m_PrefabInstance: {fileID: 5256215870517707398}
  m_PrefabAsset: {fileID: 0}
--- !u!4 &4740257054651616954 stripped
Transform:
  m_CorrespondingSourceObject: {fileID: 664583110187682876, guid: 2519b69730d1c484c952316c7b0fc9be, type: 3}
  m_PrefabInstance: {fileID: 5256215870517707398}
  m_PrefabAsset: {fileID: 0}
--- !u!136 &4757707903421178114 stripped
CapsuleCollider:
  m_CorrespondingSourceObject: {fileID: 790120450947965828, guid: 2519b69730d1c484c952316c7b0fc9be, type: 3}
  m_PrefabInstance: {fileID: 5256215870517707398}
  m_PrefabAsset: {fileID: 0}
--- !u!136 &4792510504463496465 stripped
CapsuleCollider:
  m_CorrespondingSourceObject: {fileID: 753155110533953431, guid: 2519b69730d1c484c952316c7b0fc9be, type: 3}
  m_PrefabInstance: {fileID: 5256215870517707398}
  m_PrefabAsset: {fileID: 0}
--- !u!136 &4820552342655356908 stripped
CapsuleCollider:
  m_CorrespondingSourceObject: {fileID: 727294699015818602, guid: 2519b69730d1c484c952316c7b0fc9be, type: 3}
  m_PrefabInstance: {fileID: 5256215870517707398}
  m_PrefabAsset: {fileID: 0}
--- !u!4 &4955771103801706980 stripped
Transform:
  m_CorrespondingSourceObject: {fileID: 880378907592067938, guid: 2519b69730d1c484c952316c7b0fc9be, type: 3}
  m_PrefabInstance: {fileID: 5256215870517707398}
  m_PrefabAsset: {fileID: 0}
--- !u!114 &4962199381650377814 stripped
MonoBehaviour:
  m_CorrespondingSourceObject: {fileID: 877237070032375504, guid: 2519b69730d1c484c952316c7b0fc9be, type: 3}
  m_PrefabInstance: {fileID: 5256215870517707398}
  m_PrefabAsset: {fileID: 0}
  m_GameObject: {fileID: 0}
  m_Enabled: 1
  m_EditorHideFlags: 0
  m_Script: {fileID: 11500000, guid: 042089d78477d4efa8800bafddde118f, type: 3}
  m_Name: 
  m_EditorClassIdentifier: 
--- !u!4 &4983380218271949959 stripped
Transform:
  m_CorrespondingSourceObject: {fileID: 997918521188181505, guid: 2519b69730d1c484c952316c7b0fc9be, type: 3}
  m_PrefabInstance: {fileID: 5256215870517707398}
  m_PrefabAsset: {fileID: 0}
--- !u!4 &5019760819470431215 stripped
Transform:
  m_CorrespondingSourceObject: {fileID: 961537911232131433, guid: 2519b69730d1c484c952316c7b0fc9be, type: 3}
  m_PrefabInstance: {fileID: 5256215870517707398}
  m_PrefabAsset: {fileID: 0}
--- !u!4 &5206687387625150260 stripped
Transform:
  m_CorrespondingSourceObject: {fileID: 49551602802873778, guid: 2519b69730d1c484c952316c7b0fc9be, type: 3}
  m_PrefabInstance: {fileID: 5256215870517707398}
  m_PrefabAsset: {fileID: 0}
--- !u!4 &5212449967383523340 stripped
Transform:
  m_CorrespondingSourceObject: {fileID: 47151305174463114, guid: 2519b69730d1c484c952316c7b0fc9be, type: 3}
  m_PrefabInstance: {fileID: 5256215870517707398}
  m_PrefabAsset: {fileID: 0}
--- !u!136 &5283414837031241984 stripped
CapsuleCollider:
  m_CorrespondingSourceObject: {fileID: 118115798479539078, guid: 2519b69730d1c484c952316c7b0fc9be, type: 3}
  m_PrefabInstance: {fileID: 5256215870517707398}
  m_PrefabAsset: {fileID: 0}
--- !u!136 &5484613761154905841 stripped
CapsuleCollider:
  m_CorrespondingSourceObject: {fileID: 354824859351643255, guid: 2519b69730d1c484c952316c7b0fc9be, type: 3}
  m_PrefabInstance: {fileID: 5256215870517707398}
  m_PrefabAsset: {fileID: 0}
--- !u!4 &5585018112946507081 stripped
Transform:
  m_CorrespondingSourceObject: {fileID: 391861676530864079, guid: 2519b69730d1c484c952316c7b0fc9be, type: 3}
  m_PrefabInstance: {fileID: 5256215870517707398}
  m_PrefabAsset: {fileID: 0}
--- !u!114 &5646594760545524254 stripped
MonoBehaviour:
  m_CorrespondingSourceObject: {fileID: 481155603496917144, guid: 2519b69730d1c484c952316c7b0fc9be, type: 3}
  m_PrefabInstance: {fileID: 5256215870517707398}
  m_PrefabAsset: {fileID: 0}
  m_GameObject: {fileID: 0}
  m_Enabled: 1
  m_EditorHideFlags: 0
  m_Script: {fileID: 11500000, guid: 042089d78477d4efa8800bafddde118f, type: 3}
  m_Name: 
  m_EditorClassIdentifier: 
--- !u!114 &5693891676808878640 stripped
MonoBehaviour:
  m_CorrespondingSourceObject: {fileID: 573382310087727286, guid: 2519b69730d1c484c952316c7b0fc9be, type: 3}
  m_PrefabInstance: {fileID: 5256215870517707398}
  m_PrefabAsset: {fileID: 0}
  m_GameObject: {fileID: 0}
  m_Enabled: 1
  m_EditorHideFlags: 0
  m_Script: {fileID: 11500000, guid: 042089d78477d4efa8800bafddde118f, type: 3}
  m_Name: 
  m_EditorClassIdentifier: 
--- !u!136 &5898366950362760685 stripped
CapsuleCollider:
  m_CorrespondingSourceObject: {fileID: 1813509198134921067, guid: 2519b69730d1c484c952316c7b0fc9be, type: 3}
  m_PrefabInstance: {fileID: 5256215870517707398}
  m_PrefabAsset: {fileID: 0}
--- !u!4 &5914149595970552182 stripped
Transform:
  m_CorrespondingSourceObject: {fileID: 1937273265259201520, guid: 2519b69730d1c484c952316c7b0fc9be, type: 3}
  m_PrefabInstance: {fileID: 5256215870517707398}
  m_PrefabAsset: {fileID: 0}
--- !u!136 &5980494923273966618 stripped
CapsuleCollider:
  m_CorrespondingSourceObject: {fileID: 1877763610403346076, guid: 2519b69730d1c484c952316c7b0fc9be, type: 3}
  m_PrefabInstance: {fileID: 5256215870517707398}
  m_PrefabAsset: {fileID: 0}
--- !u!4 &6063898550399961532 stripped
Transform:
  m_CorrespondingSourceObject: {fileID: 2078024091933215546, guid: 2519b69730d1c484c952316c7b0fc9be, type: 3}
  m_PrefabInstance: {fileID: 5256215870517707398}
  m_PrefabAsset: {fileID: 0}
--- !u!95 &6076438117754776434 stripped
Animator:
  m_CorrespondingSourceObject: {fileID: 2063225023687043572, guid: 2519b69730d1c484c952316c7b0fc9be, type: 3}
  m_PrefabInstance: {fileID: 5256215870517707398}
  m_PrefabAsset: {fileID: 0}
--- !u!4 &6088686993302563854 stripped
Transform:
  m_CorrespondingSourceObject: {fileID: 2057732661185457800, guid: 2519b69730d1c484c952316c7b0fc9be, type: 3}
  m_PrefabInstance: {fileID: 5256215870517707398}
  m_PrefabAsset: {fileID: 0}
--- !u!4 &6104147216666016918 stripped
Transform:
  m_CorrespondingSourceObject: {fileID: 2037771015809646096, guid: 2519b69730d1c484c952316c7b0fc9be, type: 3}
  m_PrefabInstance: {fileID: 5256215870517707398}
  m_PrefabAsset: {fileID: 0}
--- !u!4 &6159030201574199258 stripped
Transform:
  m_CorrespondingSourceObject: {fileID: 2128110434803322204, guid: 2519b69730d1c484c952316c7b0fc9be, type: 3}
  m_PrefabInstance: {fileID: 5256215870517707398}
  m_PrefabAsset: {fileID: 0}
--- !u!4 &6195285159777957292 stripped
Transform:
  m_CorrespondingSourceObject: {fileID: 2092985783176329002, guid: 2519b69730d1c484c952316c7b0fc9be, type: 3}
  m_PrefabInstance: {fileID: 5256215870517707398}
  m_PrefabAsset: {fileID: 0}
--- !u!4 &6562272529050294421 stripped
Transform:
  m_CorrespondingSourceObject: {fileID: 1432202288115636755, guid: 2519b69730d1c484c952316c7b0fc9be, type: 3}
  m_PrefabInstance: {fileID: 5256215870517707398}
  m_PrefabAsset: {fileID: 0}
--- !u!4 &6569950801035111518 stripped
Transform:
  m_CorrespondingSourceObject: {fileID: 1431286021299318488, guid: 2519b69730d1c484c952316c7b0fc9be, type: 3}
  m_PrefabInstance: {fileID: 5256215870517707398}
  m_PrefabAsset: {fileID: 0}
--- !u!136 &6630803132475690805 stripped
CapsuleCollider:
  m_CorrespondingSourceObject: {fileID: 1509985900350164403, guid: 2519b69730d1c484c952316c7b0fc9be, type: 3}
  m_PrefabInstance: {fileID: 5256215870517707398}
  m_PrefabAsset: {fileID: 0}
--- !u!1 &6770726574596071838 stripped
GameObject:
  m_CorrespondingSourceObject: {fileID: 1515364028210357016, guid: 2519b69730d1c484c952316c7b0fc9be, type: 3}
  m_PrefabInstance: {fileID: 5256215870517707398}
  m_PrefabAsset: {fileID: 0}
--- !u!4 &6788988675411458355 stripped
Transform:
  m_CorrespondingSourceObject: {fileID: 1641141257758981045, guid: 2519b69730d1c484c952316c7b0fc9be, type: 3}
  m_PrefabInstance: {fileID: 5256215870517707398}
  m_PrefabAsset: {fileID: 0}
--- !u!136 &6851972334463728994 stripped
CapsuleCollider:
  m_CorrespondingSourceObject: {fileID: 1722289259055497188, guid: 2519b69730d1c484c952316c7b0fc9be, type: 3}
  m_PrefabInstance: {fileID: 5256215870517707398}
  m_PrefabAsset: {fileID: 0}
--- !u!65 &6902851993080384806 stripped
BoxCollider:
  m_CorrespondingSourceObject: {fileID: 1673666896536129440, guid: 2519b69730d1c484c952316c7b0fc9be, type: 3}
  m_PrefabInstance: {fileID: 5256215870517707398}
  m_PrefabAsset: {fileID: 0}
--- !u!136 &6922737580382246026 stripped
CapsuleCollider:
  m_CorrespondingSourceObject: {fileID: 2946292430545409548, guid: 2519b69730d1c484c952316c7b0fc9be, type: 3}
  m_PrefabInstance: {fileID: 5256215870517707398}
  m_PrefabAsset: {fileID: 0}
--- !u!1 &7205349561729626061 stripped
GameObject:
  m_CorrespondingSourceObject: {fileID: 3102803381288414539, guid: 2519b69730d1c484c952316c7b0fc9be, type: 3}
  m_PrefabInstance: {fileID: 5256215870517707398}
  m_PrefabAsset: {fileID: 0}
--- !u!4 &7208258019954452522 stripped
Transform:
  m_CorrespondingSourceObject: {fileID: 3240678608188238508, guid: 2519b69730d1c484c952316c7b0fc9be, type: 3}
  m_PrefabInstance: {fileID: 5256215870517707398}
  m_PrefabAsset: {fileID: 0}
--- !u!136 &7445961602675716114 stripped
CapsuleCollider:
  m_CorrespondingSourceObject: {fileID: 3433021496720994964, guid: 2519b69730d1c484c952316c7b0fc9be, type: 3}
  m_PrefabInstance: {fileID: 5256215870517707398}
  m_PrefabAsset: {fileID: 0}
--- !u!136 &7528903034070867885 stripped
CapsuleCollider:
  m_CorrespondingSourceObject: {fileID: 2345774072838561067, guid: 2519b69730d1c484c952316c7b0fc9be, type: 3}
  m_PrefabInstance: {fileID: 5256215870517707398}
  m_PrefabAsset: {fileID: 0}
--- !u!4 &7579008813142166053 stripped
Transform:
  m_CorrespondingSourceObject: {fileID: 2440907156755466403, guid: 2519b69730d1c484c952316c7b0fc9be, type: 3}
  m_PrefabInstance: {fileID: 5256215870517707398}
  m_PrefabAsset: {fileID: 0}
--- !u!4 &7587442919146254081 stripped
Transform:
  m_CorrespondingSourceObject: {fileID: 2431336176296750471, guid: 2519b69730d1c484c952316c7b0fc9be, type: 3}
  m_PrefabInstance: {fileID: 5256215870517707398}
  m_PrefabAsset: {fileID: 0}
--- !u!1 &7623914371476438826 stripped
GameObject:
  m_CorrespondingSourceObject: {fileID: 2394861420868255148, guid: 2519b69730d1c484c952316c7b0fc9be, type: 3}
  m_PrefabInstance: {fileID: 5256215870517707398}
  m_PrefabAsset: {fileID: 0}
--- !u!4 &7753728192518492158 stripped
Transform:
  m_CorrespondingSourceObject: {fileID: 2552154270866967928, guid: 2519b69730d1c484c952316c7b0fc9be, type: 3}
  m_PrefabInstance: {fileID: 5256215870517707398}
  m_PrefabAsset: {fileID: 0}
--- !u!4 &7761331178194866482 stripped
Transform:
  m_CorrespondingSourceObject: {fileID: 2541188978531537844, guid: 2519b69730d1c484c952316c7b0fc9be, type: 3}
  m_PrefabInstance: {fileID: 5256215870517707398}
  m_PrefabAsset: {fileID: 0}
--- !u!4 &8094514072012727702 stripped
Transform:
  m_CorrespondingSourceObject: {fileID: 4081573895189210896, guid: 2519b69730d1c484c952316c7b0fc9be, type: 3}
  m_PrefabInstance: {fileID: 5256215870517707398}
  m_PrefabAsset: {fileID: 0}
--- !u!4 &8165370467973954523 stripped
Transform:
  m_CorrespondingSourceObject: {fileID: 4152579792542628189, guid: 2519b69730d1c484c952316c7b0fc9be, type: 3}
  m_PrefabInstance: {fileID: 5256215870517707398}
  m_PrefabAsset: {fileID: 0}
--- !u!4 &8212849744323312028 stripped
Transform:
  m_CorrespondingSourceObject: {fileID: 4109590908561193754, guid: 2519b69730d1c484c952316c7b0fc9be, type: 3}
  m_PrefabInstance: {fileID: 5256215870517707398}
  m_PrefabAsset: {fileID: 0}
--- !u!114 &8227504038925921313 stripped
MonoBehaviour:
  m_CorrespondingSourceObject: {fileID: 4241303609632878247, guid: 2519b69730d1c484c952316c7b0fc9be, type: 3}
  m_PrefabInstance: {fileID: 5256215870517707398}
  m_PrefabAsset: {fileID: 0}
  m_GameObject: {fileID: 0}
  m_Enabled: 0
  m_EditorHideFlags: 0
  m_Script: {fileID: 11500000, guid: 8863e103aad5c4e70a0009d0771e001f, type: 3}
  m_Name: 
  m_EditorClassIdentifier: 
--- !u!4 &8325014734520500835 stripped
Transform:
  m_CorrespondingSourceObject: {fileID: 4285650821519392997, guid: 2519b69730d1c484c952316c7b0fc9be, type: 3}
  m_PrefabInstance: {fileID: 5256215870517707398}
  m_PrefabAsset: {fileID: 0}
--- !u!4 &8327110801040364261 stripped
Transform:
  m_CorrespondingSourceObject: {fileID: 4286867587996766307, guid: 2519b69730d1c484c952316c7b0fc9be, type: 3}
  m_PrefabInstance: {fileID: 5256215870517707398}
  m_PrefabAsset: {fileID: 0}
--- !u!4 &8556398602488865048 stripped
Transform:
  m_CorrespondingSourceObject: {fileID: 4490013295734285214, guid: 2519b69730d1c484c952316c7b0fc9be, type: 3}
  m_PrefabInstance: {fileID: 5256215870517707398}
  m_PrefabAsset: {fileID: 0}
--- !u!136 &8673218677688470141 stripped
CapsuleCollider:
  m_CorrespondingSourceObject: {fileID: 3507356412673853691, guid: 2519b69730d1c484c952316c7b0fc9be, type: 3}
  m_PrefabInstance: {fileID: 5256215870517707398}
  m_PrefabAsset: {fileID: 0}
--- !u!136 &8734478681826278990 stripped
CapsuleCollider:
  m_CorrespondingSourceObject: {fileID: 3586781104293592264, guid: 2519b69730d1c484c952316c7b0fc9be, type: 3}
  m_PrefabInstance: {fileID: 5256215870517707398}
  m_PrefabAsset: {fileID: 0}
--- !u!1 &8745943906812079705 stripped
GameObject:
  m_CorrespondingSourceObject: {fileID: 3579800787472887007, guid: 2519b69730d1c484c952316c7b0fc9be, type: 3}
  m_PrefabInstance: {fileID: 5256215870517707398}
  m_PrefabAsset: {fileID: 0}
--- !u!114 &8752817534797707058 stripped
MonoBehaviour:
  m_CorrespondingSourceObject: {fileID: 3569548351464011188, guid: 2519b69730d1c484c952316c7b0fc9be, type: 3}
  m_PrefabInstance: {fileID: 5256215870517707398}
  m_PrefabAsset: {fileID: 0}
  m_GameObject: {fileID: 0}
  m_Enabled: 1
  m_EditorHideFlags: 0
  m_Script: {fileID: 11500000, guid: 042089d78477d4efa8800bafddde118f, type: 3}
  m_Name: 
  m_EditorClassIdentifier: 
--- !u!4 &8854337347718626023 stripped
Transform:
  m_CorrespondingSourceObject: {fileID: 3607727017501702241, guid: 2519b69730d1c484c952316c7b0fc9be, type: 3}
  m_PrefabInstance: {fileID: 5256215870517707398}
  m_PrefabAsset: {fileID: 0}
--- !u!4 &8914530310333426385 stripped
Transform:
  m_CorrespondingSourceObject: {fileID: 3694942267201218647, guid: 2519b69730d1c484c952316c7b0fc9be, type: 3}
  m_PrefabInstance: {fileID: 5256215870517707398}
  m_PrefabAsset: {fileID: 0}
--- !u!136 &9036883593504236382 stripped
CapsuleCollider:
  m_CorrespondingSourceObject: {fileID: 3862014543179456984, guid: 2519b69730d1c484c952316c7b0fc9be, type: 3}
  m_PrefabInstance: {fileID: 5256215870517707398}
  m_PrefabAsset: {fileID: 0}
--- !u!4 &9105605120528014618 stripped
Transform:
  m_CorrespondingSourceObject: {fileID: 3939611602952019868, guid: 2519b69730d1c484c952316c7b0fc9be, type: 3}
  m_PrefabInstance: {fileID: 5256215870517707398}
  m_PrefabAsset: {fileID: 0}
